2155 2624
244 182 474 236 παραπηγνῦς
506 183 569 218 καὶ
600 178 658 217 τδν
691 178 794 232 ‘mega'
826 177 877 227 τᾷ
908 177 1050 227 Κωμικᾷ
1077 179 1286 231 (Aristoph.
1313 177 1434 227 Nub.)
1461 177 1626 231 Magmo‘c'v
1645 178 1689 218 τό
1712 178 1891 235 βάξβαςοι

244 250 354 301 ὄνομα.
386 245 440 289 Bw?
468 247 531 287 τοῦ
556 263 593 287 ντ
625 246 786 294 κλιθῆναι
821 250 918 298 λέγει
950 250 1163 299 παξαφὲςων
1194 248 1314 299 χρῆσιν
1346 246 1480 291 ταύτην.
1514 248 1599 286 ἀλλ’
1624 244 1681 286 οὖν
1706 251 1819 300 ἔγωγέ
1843 266 1893 289 σοι

243 323 337 370 λέγω
363 317 572 369 Μαξικόίντοι
597 317 647 368 μή
671 317 840 369 κολάζειν·
866 331 945 367 quo
971 319 1059 355 loco
1085 330 1175 355 usus
1203 327 1259 355 est
1284 318 1425 355 Blomf.
1453 319 1501 356 ad
1525 320 1705 367 Aeschyli
1720 323 1820 358 Pers.
1833 320 1893 367 65.

243 389 310 429 sed
343 388 491 439 duplici
526 401 656 427 errore
687 388 832 439 lapsus,
866 395 951 425 tum
977 387 1084 438 quod
1108 387 1247 425 incerti
1273 387 1442 425 auctoris
1468 400 1621 425 versum
1645 388 1894 439 Aristophani

245 458 392 501 tribuit,
420 466 503 494 tum
529 469 623 494 vero
650 457 755 507 quod
781 458 899 493 etiam
925 458 1027 505 apud
1052 458 1351 505 Aristophanem
1376 457 1481 494 Nub.
1511 467 1595 504 549.
1621 457 1785 495 formam
1810 461 1892 496 Μα-

244 525 386 578 ρικᾶντα
416 540 489 576 pro
522 524 686 577 Μαρικᾶν
717 526 855 574 reponi
889 526 1033 569 voluit,
1073 535 1205 563 contra
1231 525 1423 563 Eustathii
1457 524 1780 571 admonitionem,
1824 528 1893 578 qui

244 594 370 632 verbis
396 594 453 631 τόν
478 592 579 645 magei
602 593 651 640 τῷ
675 591 819 639 Kouma?
844 592 1005 642 Μοιςικὲἷν
1030 594 1229 641 perspicue
1256 594 1445 637 ostendit,
1484 594 1752 630 Herodianum
1778 597 1892 632 etiam

244 664 285 701 in
312 677 383 700 suo
409 649 672 711 Aristophanis
701 661 836 698 codice
862 660 1008 698 editam
1032 661 1240 699 lectionem
1266 661 1462 711 reperisse.
1513 664 1647 711 Itaque
1680 662 1892 700 Herodiani

245 730 458 768 admonitio
485 731 584 767 hanc
610 730 692 765 vim
718 728 847 772 habet,
873 738 918 766 ut
943 728 1128 780 Μαξικὲἲς,
1159 730 1266 779 quod
1291 721 1565 778 parisyllabum
1590 730 1724 767 fecerit
1748 733 1893 768 Aristo-

242 801 395 849 phanes,
433 800 549 835 etiam
582 796 805 847 Μαξικὸίντσς
836 797 983 835 flexum
1016 798 1131 835 fuisse
1166 798 1405 835 edoceamur.
1463 797 1583 847 quue
1615 799 1681 835 ille
1715 799 1891 850 deinceps

243 867 383 904 incerti
414 875 552 916 poetae
585 878 713 910 versu,
748 879 863 915 quem
896 867 1098 916 Eupolidis
1132 880 1210 903 esse
1236 875 1427 914 putamus,
1456 864 1711 903 confirmavit.
1760 871 1893 917 Itaque

243 935 443 984 probabile
471 943 527 971 est
552 934 592 970 in
619 935 810 971 Eustathii
836 934 962 971 verbis
989 944 1077 971 ante
1103 931 1161 972 διοί
1185 935 1371 971 excidisse
1396 936 1467 971 καὶ.
1508 934 1582 972 Cfr.
1607 933 1768 972 Lobeck
1794 935 1894 984 apud

244 1001 434 1040 Wolfium
460 1003 566 1039 Anal.
593 1006 656 1039 111.
682 1014 718 1051 p.
742 1013 801 1047 50.
829 1014 909 1051 sqq.
936 1002 984 1039 ad
1008 1003 1214 1050 Phrynich.
1240 1015 1276 1051 p.
1302 1012 1390 1047 434,
1416 1011 1457 1039 et
1482 1002 1647 1039 Bekkeri
1672 1003 1891 1040 Anecd.111.

243 1084 280 1121 p.
308 1075 414 1115 1186·
443 1071 557 1120 Apud
581 1071 709 1108 Schol.
724 1071 919 1120 Aristoph.
936 1071 1039 1109 Nub.
1063 1081 1148 1117 545.
1174 1072 1294 1108 semel
1313 1069 1555 1108 flectiturwss
1579 1069 1751 1123 Μαςικοῦ.
1805 1074 1891 1121 Quo

242 1152 341 1177 anno
369 1139 545 1176 docuerit
572 1139 739 1176 fabulam
753 1140 923 1188 Eupolis,
950 1148 1098 1176 constat
1124 1152 1145 1176 e
1171 1140 1299 1176 Schol.
1326 1140 1375 1176 ad
1399 1140 1503 1178 Nub.
1521 1149 1605 1184 549.
1631 1140 1700 1176 ubi
1714 1152 1762 1176 ex
1784 1140 1890 1176 dida·

242 1208 366 1245 scaliis
392 1207 508 1244 tertio
534 1215 623 1254 post
646 1207 789 1254 primas
804 1206 939 1243 Nubes
967 1219 1069 1244 anno
1094 1208 1132 1243 h.
1150 1219 1181 1243 e.
1209 1208 1361 1255 Olymp.
1374 1210 1586 1251 LXXXIX,
1612 1217 1647 1252 4.
1663 1216 1786 1244 actam
1813 1220 1892 1244 esse

242 1275 415 1319 docetur,
430 1282 588 1311 mortuo
613 1272 691 1321 jam
705 1274 849 1311 Cleone
874 1283 913 1311 et
925 1274 1141 1323 Hyperboli
1168 1275 1394 1311 auctoritate
1419 1276 1461 1311 in
1487 1275 1569 1311 dies
1595 1284 1797 1311 crescente.
1823 1276 1892 1312 Di·

243 1345 493 1382 dascaliarum
511 1341 632 1379 fidem
653 1343 721 1392 qui
737 1343 1033 1392 haudquaquam
1048 1343 1199 1380 idoneis
1216 1343 1451 1393 argumentis
1473 1343 1620 1380 elevare
1636 1352 1796 1380 conatus
1810 1352 1892 1381 erat

244 1412 515 1456 Callimachus,
546 1411 636 1447 satis
660 1410 741 1458 jam
771 1411 959 1448 refutatus
993 1419 1050 1447 est
1076 1410 1123 1447 ab
1149 1412 1402 1447 Eratosthene
1426 1411 1529 1460 apud
1555 1411 1681 1447 Schol.
1707 1412 1731 1447 l.
1758 1412 1783 1447 1.
1810 1412 1891 1447 sive

243 1493 300 1530 ap.
333 1478 542 1518 Bernhard.
574 1490 611 1528 p.
650 1492 734 1516 212.
784 1479 938 1516 Titulus
965 1478 1116 1516 fabulae
1140 1479 1282 1528 passim
1306 1479 1416 1516 miris
1442 1478 1570 1516 modis
1597 1488 1797 1529 corruptus
1823 1489 1890 1523 est,

243 1560 286 1587 ut
319 1547 420 1597 apud
452 1548 619 1585 Erotian.
655 1559 691 1596 p.
721 1549 804 1593 396.
838 1548 871 1585 ἐν
895 1549 1034 1599 Μαρίᾳ,
1059 1550 1154 1585 Lex.
1176 1550 1327 1598 Seguer.
1352 1559 1390 1596 p.
1416 1551 1502 1593 467.
1530 1549 1562 1585 ἐν
1588 1546 1827 1600 Μακαςικσίσῃ
1852 1557 1891 1584 et

243 1618 398 1656 Antiatt.
424 1628 460 1663 p.
492 1628 573 1652 111.
601 1614 839 1664 Μακαρισμῷ.
889 1619 951 1653 De
981 1624 1206 1665 argumento
1232 1628 1311 1651 non
1343 1624 1401 1651 est
1426 1616 1531 1664 quod
1557 1616 1698 1652 dubius
1724 1617 1888 1658 haereas,

243 1696 474 1734 quamquam
518 1695 613 1732 quae
655 1684 755 1721 ratio
796 1684 915 1721 fuerit
952 1683 1140 1720 irrisionis
1180 1681 1407 1733 fabulaeque
1449 1684 1697 1729 oeconomia,
1737 1685 1888 1734 ignora·

240 1765 336 1791 mus·
389 1750 614 1789 Adscribam
639 1759 767 1788 tamen
792 1751 1058 1800 Aristophanis
1083 1752 1214 1788 locum
1241 1764 1290 1787 ex
1315 1751 1418 1788 Nub.
1447 1762 1532 1798 549.

392 1817 545 1861 Εὔπολις
569 1819 631 1868 μὲν
654 1818 713 1858 τδν
738 1819 903 1871 Μαςικᾶν
927 1817 1114 1871 πρώτιστον
1138 1822 1378 1870 exagellam-ev,

395 1888 600 1940 ἐκστςέψοις
623 1887 703 1930 τούς
727 1886 908 1939 ἡμετέρους
931 1886 1076 1930 Ἱππέας
1101 1887 1212 1929 nancis-
1236 1888 1362 1933 κακῶς,

394 1955 563 2007 προσ-θεὶς
587 1955 682 2004 αὐτῷ
706 1955 816 2007 ’γραῦν
839 1954 1006 2004 μεθύσην,
1038 1956 1102 1994 τοῦ
1127 1953 1295 2008 κόξδακος
1320 1956 1437 2006 οὕνεχ’,
1458 1956 1491 2005 *)
1518 1954 1554 1998 ἣν

392 2022 560 2076 Φρύνιχος
583 2022 699 2063 πάλαι
724 2025 901 2074 πεποίηχ’,
926 2022 963 2069 ἦν
987 2023 1030 2063 ‘rei
1048 2023 1149 2069 κῆτος
1173 2023 1301 2069 ἤσθιεν.

239 2098 297 2129 Ex
335 2094 474 2142 quibus
512 2096 589 2131 hoc
628 2104 731 2130 certe
769 2094 817 2130 ad
857 2095 1073 2143 argumenti
1106 2096 1296 2131 rationem
1332 2094 1460 2142 colligi
1492 2105 1604 2140 posse
1631 2093 1805 2136 videtur,
1845 2101 1887 2127 ut

277 2262 314 2302 ¹'>
335 2262 435 2294 Verba
453 2261 505 2290 τοῦ
522 2255 661 2301 niel-um
680 2258 777 2292 on'ae'nu
796 2264 833 2295 ad
859 2264 1017 2305 sequentia
1043 2263 1131 2294 traxit
1159 2261 1352 2293 scholiastes.
1400 2262 1424 2291 1³
1427 2263 1576 2293 ormulam
1597 2263 1693 2303 ipsam
1714 2271 1747 2292 ex
1765 2259 1882 2289 Ari-⁸20·

340 2311 440 2351 phane
460 2315 615 2341 mutuatus
636 2315 682 2341 est
700 2310 847 2343 Aristides
869 2311 955 2343 Orat.
977 2312 1015 2341 T.
1038 2312 1085 2341 111.
1109 2322 1138 2351 p.
1161 2308 1228 2341 708.
1252 2309 1289 2339 Β.

1272 2368 1314 2403 Η
