2155 2624
1039 40 1117 103 24

248 137 351 188 apud
378 137 570 177 Choeroh.
597 138 637 175 in
666 136 785 175 Bekk.
813 137 1034 175 Anecd.III.
1057 150 1094 185 p.
1118 141 1226 181 1176.
1254 136 1354 188 παςεὶ
1373 140 1523 188 Κρατίνῳ
1548 135 1905 188 Ἀλλετριεγνώμκιν·

248 205 459 254 ἐπιλήσμπι
485 208 735 253 μινημενικεῖσιν.
765 208 871 254 Quae
899 219 946 241 ex
972 206 1177 252 Hephaest.
1205 208 1233 247 1,
1264 216 1296 249 5.
1326 207 1565 242 emendanda
1593 218 1690 243 sunt.
1738 208 1813 244 His
1836 207 1907 257 igi-

248 286 314 313 tur
340 275 495 313 remotis
522 274 678 324 triginta
705 283 851 311 restant
878 274 1096 311 fabularum
1125 273 1241 317 tituli,
1271 273 1410 322 quibus
1436 287 1564 310 rursus
1593 276 1787 313 eximendi
1814 284 1902 312 sunt

251 355 290 381 et
315 344 458 391 juniori
486 343 642 379 Cratino
670 342 867 379 tribuendi
893 340 1297 391 Πυθαγσςίζοντες
1324 350 1362 377 et
1380 344 1674 391 Ταραντῖνος,
1703 344 1839 392 quibus
1865 344 1907 379 in

250 413 386 449 fabulis
413 412 675 460 Pythagoreos
702 411 828 447 risisse
854 420 1010 459 poetam
1038 424 1085 446 ex
1113 411 1290 459 Diogene
1316 413 1443 446 Laert.
1460 413 1555 454 VIII,
1581 413 1639 454 56.
1667 411 1907 461 intelligitur,

252 480 358 528 quod
383 479 589 527 proprium
616 477 692 513 fuit
717 479 868 514 mediae
896 488 933 514 et
959 491 1083 514 novae
1108 478 1334 514 comoediae
1362 485 1640 526 argumentum,
1669 478 1775 512 velut
1796 481 1909 514 Mne-

249 548 416 585 simachi
451 548 493 582 in
526 547 775 589 Alcmaeone,
809 547 1099 595 Aristophontis
1126 547 1167 583 in
1195 546 1475 595 Pythagorista,
1502 545 1674 581 Alexidis
1701 546 1741 581 in
1767 546 1909 591 Pytha-

226 617 449 665 ,gorizusa,
490 614 656 649 aliorum
691 614 858 663 denique
892 615 933 650 in
968 616 1064 650 aliis.
1118 619 1259 651 Contra
1292 614 1394 650 nihil
1428 613 1618 659 ejusmodi
1651 613 1691 648 in
1731 613 1909 661 antiquae

251 682 474 720 comoediae
503 682 676 730 reliquiis
712 682 1033 730 deprehendas*).
1088 686 1209 719 Porro
1254 676 1752 728 Ψευδοὺποβολιμαῗος,
1792 692 1908 729 quam

248 750 411 796 junioris
447 750 593 786 Cratini
629 750 798 785 fabulam
841 763 921 787 esse
956 751 1019 786 vel
1052 752 1221 787 Platonis
1256 749 1574 787 commemoratio
1603 748 1715 785 docet
1740 749 1781 784 in
1809 748 1908 797 frag-

249 826 383 855 mento
419 817 522 866 apud
555 817 719 867 Diogen.
754 821 880 855 Laert.
914 822 986 862 111,
1022 828 1094 862 28„
1132 828 1170 855 et
1205 812 1666 867 Διονυσαλέξανδξος,
1707 815 1814 863 cujus
1855 815 1907 852 fa-

249 887 367 922 bulae
395 894 665 934 argumentum
693 885 740 920 ad
761 887 967 922 Alexandri
983 887 1118 935 Magni
1148 886 1445 932 expeditionem,
1473 886 1725 931 Dionysiacae
1745 896 1909 931 pompae

252 953 521 989 adsimulatam
550 951 599 997 (v.
627 953 777 988 Arrian.
805 956 867 995 VI,
906 963 967 996 23.
996 955 1055 989 cll.
1083 953 1246 989 Diodor.
1276 953 1347 989 Sic.
1375 955 1491 995 XVII,
1532 956 1614 988 106.
1650 961 1688 988 et
1713 951 1906 988 Plutarch.

251 1022 358 1058 Alex.
396 1019 472 1067 67.)
509 1029 695 1067 spectasse
731 1034 777 1056 ex
811 1021 981 1056 nominis
1014 1022 1163 1057 ratione
1196 1021 1410 1069 perspicere
1442 1020 1542 1056 mihi
1575 1019 1751 1063 videbar,
1792 1029 1909 1067 quam

353 1213 518 1243 Praeterea
544 1211 685 1242 laudatur
714 1223 730 1242 a
756 1211 923 1242 Plutarcho
953 1210 1031 1242 Cim.
1054 1212 1101 1244 13.
1141 1212 1269 1244 Polluce
1289 1212 1376 1250 VIII,
1398 1210 1465 1243 126.
1506 1210 1609 1243 Schol.
1630 1209 1724 1242 Arist.
1743 1209 1799 1241 Av.
1821 1210 1907 1243 1073»

359 1260 467 1299 Stcph.
501 1259 572 1299 Iljsz.
603 1270 630 1288 v.
657 1257 848 1294 Ληψιῖμοιιῖος
879 1271 908 1299 p.
936 1260 1004 1290 513.
1035 1267 1065 1289 et
1092 1257 1189 1291 Χαίλκη
1216 1272 1246 1300 p.
1267 1260 1335 1291 750.
1378 1261 1504 1289 Praeter
1523 1259 1727 1299 psephismata
1749 1257 1910 1288 Craterum

357 1306 448 1336 etiam
477 1305 691 1334 historicorum
716 1305 889 1335 testimonia
910 1306 940 1335 in
963 1306 1127 1336 subsidium
1156 1316 1279 1337 vocasse
1307 1306 1398 1336 docet
1417 1305 1571 1336 Plutarch.
1592 1305 1685 1335 Arist.
1706 1304 1726 1335 l.
1748 1304 1767 1334 l.
1789 1304 1826 1335 de
1847 1314 1909 1345 quo

355 1352 514 1382 admonuit
542 1351 601 1391 jam
629 1352 804 1393 Kruegcrus
833 1352 870 1383 de
898 1353 976 1383 Pace
1006 1351 1084 1383 Cim.
1114 1365 1143 1395 p.
1172 1354 1239 1384 211.
1279 1353 1420 1384 Eundem
1447 1352 1594 1383 invitante
1629 1352 1789 1383 occasione
1817 1352 1908 1387 etiam

352 1400 565 1438 Aristophanis
595 1399 738 1428 historica
765 1399 901 1440 attIgisse
932 1405 963 1428 et
991 1400 1166 1437 illustrasse,
1194 1400 1377 1442 intelligitur
1397 1411 1413 1430 e
1435 1399 1538 1429 Schol.
1566 1398 1659 1429 Arist.
1678 1399 1745 1440 Lys.
1767 1399 1833 1429 313.
1856 1398 1909 1429 uhi

352 1452 458 1476 rursus*
489 1445 582 1476 literis
615 1445 805 1487 transpositis
836 1446 983 1487 scriptum
1005 1446 1117 1489 legitur
1135 1445 1288 1487 Κκζτεςέςε
1317 1446 1487 1487 cujusmodi
1512 1457 1606 1485 error,
1641 1452 1676 1477 ut
1704 1446 1763 1476 hoc
1791 1446 1908 1484 addam,

356 1494 447 1524 etiam
469 1494 573 1535 Euryti
594 1493 676 1535 lyrici
697 1499 807 1534 poetae
835 1493 937 1524 locum
965 1494 1137 1525 obscuravit
1158 1496 1238 1536 apud
1258 1496 1309 1524 Jo.
1329 1495 1445 1535 Lydum
1464 1494 1586 1535 Fragm.
1615 1493 1652 1523 de
1671 1493 1768 1523 Mens.
1790 1504 1819 1533 p.
1841 1493 1908 1523 282.

356 1541 408 1569 ubi
426 1539 516 1579 '‘ligm-
542 1541 653 1570 «licitur
677 1539 886 1576 ἐγαλμοιιῖνῖς,
923 1542 1006 1580 quod
1043 1542 1246 1571 eruditissimo
1279 1541 1389 1571 editori
1424 1541 1549 1581 negotia
1581 1539 1688 1569 fecisse
1714 1539 1910 1570 vehementer

357 1586 458 1616 miror.
499 1587 678 1629 Legcudum
701 1587 780 1617 enim
802 1586 1007 1625 αἰγλοιομειῖιίς,
1027 1599 1088 1629 qua
1107 1599 1183 1619 voce
1197 1587 1307 1619 Lexica
1329 1588 1432 1630 augeri
1453 1592 1592 1628 possunt.

290 1633 324 1672 ⁸³)
347 1632 490 1665 Cratinus
511 1634 614 1674 junior
634 1646 693 1675 qua
715 1641 813 1665 aetate
833 1634 948 1671 vixerit,
972 1646 1064 1666 nemo
1084 1643 1222 1667 veterum
1244 1636 1354 1666 diserte
1376 1635 1507 1665 tradidit.
1546 1634 1665 1664 Mediae
1684 1644 1746 1664 non
1768 1635 1909 1675 antiquae

356 1688 392 1711 ut
414 1681 505 1711 fuisse
530 1683 651 1711 credam
674 1688 797 1721 poetam
819 1682 1006 1719 comoediae,
1028 1683 1145 1713 faciunt
1164 1682 1333 1713 fabularum
1354 1681 1437 1711 tituli
1456 1682 1598 1717 riman-15,
1616 1680 1766 1718 ὀμφίλη,
1793 1683 1908 1714 'ra-rino

356 1727 482 1766 (Athen.
510 1729 562 1758 VI.
590 1740 621 1770 p.
650 1726 716 1758 241.
746 1739 772 1758 c.
800 1727 858 1758 nisi
885 1727 945 1770 leg.
971 1729 1102 1766 Γίγασι),
1120 1730 1230 1769 Χείρων.
1266 1728 1500 1759 Dubitationem
1531 1738 1654 1759 movere
1681 1727 1778 1769 possit
1805 1728 1908 1761 sabula

358 1775 530 1815 Θηςκμέυηε,
557 1787 647 1815 quam
666 1776 781 1805 laudari
801 1781 913 1816 putant
934 1787 982 1816 ap.
1003 1777 1116 1808 Athen.
1138 1777 1189 1806 lv.
1211 1787 1242 1816 p.
1263 1776 1329 1806 170.
1350 1785 1378 1805 a.
1414 1778 1548 1814 Κρατῖνος
1574 1776 1588 1803 ι’
1614 1773 1738 1815 nu'regu
1761 1776 1785 1804 ἰν
1811 1782 1907 1816 eng,-

354 1822 428 1859 μένῃ,
450 1821 533 1860 quod
555 1822 617 1850 aliis
639 1823 669 1851 in
689 1823 856 1861 Θηςαμένει,
874 1822 949 1851 mihi
970 1822 1001 1851 in
1021 1821 1172 1859 Θηςαμίνῃ
1192 1822 1370 1851 mutandum
1397 1821 1525 1852 videtur.
1564 1821 1643 1852 Rern
1672 1821 1796 1852 conficit
1821 1822 1909 1855 locun

356 1878 374 1899 e
395 1867 609 1897 Titanibus
632 1868 749 1906 allatus,
771 1867 825 1898 ubi
847 1865 1001 1910 Corydum
1021 1866 1186 1908 parasitum
1207 1867 1363 1905 habemus,
1385 1867 1663 1908 quiDemosthenis
1685 1869 1817 1910 aequalis
1838 1869 1907 1911 suit,

357 1925 415 1946 nec
444 1915 502 1946 nisi
530 1925 546 1945 a
569 1915 687 1946 mediae
715 1925 793 1946 com.
816 1915 915 1956 poetis
936 1920 1203 1946 commemoratur.
1231 1915 1269 1945 V.
1291 1915 1444 1947 Timocles
1466 1926 1513 1958 ap.
1533 1915 1646 1947 Athen.
1666 1917 1718 1947 VI.
1739 1929 1770 1959 p.
1791 1915 1858 1949 240.
1880 1929 1907 1950 et

358 1962 457 1993 Alexis
478 1975 508 2003 p.
524 1961 591 1993 242.
615 1964 643 1994 d.
684 1963 839 2003 Denique,
868 1969 904 1992 ut
930 1963 1004 1992 nihil
1026 1961 1221 1993 dubitationis
1241 1963 1439 2003 relinquatur,
1459 1964 1711 2005 Aristophontem
1731 1965 1763 1994 in
1782 1965 1909 2004 juniori·

363 2006 477 2039 Cratini
498 2010 567 2040 loco
590 2015 864 2043 commemoratum
883 2009 976 2040 habes
997 2020 1045 2050 ap.
1065 2008 1178 2039 Athen.
1200 2021 1231 2051 p.
1251 2008 1318 2040 469.
1337 2021 1363 2041 c.
1384 2022 1475 2051 quem
1497 2012 1626 2042 eundem
1647 2022 1712 2042 csse
1733 2013 1908 2053 parasitum,

362 2055 415 2094 qui
444 2057 522 2095 apud
550 2058 761 2087 Ptolemaeum
789 2056 866 2093 suit,
894 2062 973 2086 teste
993 2056 1106 2086 Athen.
1128 2056 1179 2086 VI.
1209 2068 1239 2097 p.
1260 2055 1326 2087 244.
1348 2057 1377 2087 b.
1398 2058 1427 2088 d.
1454 2058 1687 2098 haudquaquam
1707 2058 1908 2100 improbabile

363 2101 523 2137 videbitur,
550 2103 573 2132 si
594 2104 711 2145 cogites
732 2103 824 2134 etiam
846 2100 999 2144 Corydum
1012 2102 1180 2133 Ptolemaei
1200 2110 1339 2145 tempora
1359 2104 1505 2146 attigisse.
1525 2105 1563 2134 V.
1577 2105 1710 2136 Machon
1732 2115 1779 2147 ap.
1792 2105 1906 2136 Athea

362 2147 412 2178 VI.
429 2159 458 2188 p.
474 2146 540 2177 242.
561 2159 587 2178 a.
603 2150 632 2179 b.
653 2157 685 2181 et
697 2151 834 2193 Lynceus
848 2151 900 2182 VI.
917 2161 947 2191 p.
965 2148 1032 2180 245.
1053 2149 1074 2180 f.
1117 2149 1236 2188 Quibus
1258 2152 1443 2193 argumentis
1462 2151 1523 2192 jam
1545 2151 1619 2183 aliae
1637 2162 1701 2183 non
1722 2153 1821 2185 minus
1838 2161 1909 2192 gra-

360 2205 413 2225 ves
444 2195 574 2225 rationes
602 2199 757 2237 accedunt,
786 2209 820 2230 ex
840 2198 875 2230 iis
898 2197 1012 2240 petitae
1034 2196 1152 2236 fabulis,
1175 2209 1247 2240 quas
1269 2205 1397 2241 propter
1417 2200 1589 2243 argumenti
1608 2200 1759 2231 rationem
1780 2195 1907 2229 Cratino

358 2253 468 2282 mamm
490 2253 663 2284 eripuimus.
