2155 2624
1015 38 1083 93 35

228 144 457 185 quamquam
490 138 640 179 partem
674 127 753 175 ejus
787 128 905 164 etiam
932 129 1105 165 Cratinus
1132 128 1335 178 ceterique,
1363 140 1530 178 quorum
1557 138 1645 177 post
1671 129 1872 173 Cratinum

227 203 428 241 historiam
456 199 727 242 enarravimus,
754 198 894 234 comici
920 199 1089 249 attigere,
1125 200 1291 235 maxime
1317 209 1446 236 tamen
1479 200 1719 236 illustravere
1751 201 1873 249 splen.

228 270 427 309 didissima
453 268 624 305 comicae
649 268 803 317 poesios
827 266 953 305 sidera
966 268 1134 317 Eupolis,
1160 267 1448 316 Aristophanes,
1473 269 1593 313 Plato,
1620 268 1875 316 Phrynichus,

226 339 471 376 Pherecrates
501 338 658 386 aliique,
689 337 741 374 de
777 337 915 386 quibus
953 337 1133 385 deinceps
1167 348 1425 385 exponemuS‚
1459 337 1573 373 initio
1605 338 1655 374 ab
1681 338 1875 387 Eupolide

226 405 340 442 facto.

326 477 490 511 Euroms
518 472 647 524 igitur,
674 472 931 515 Atheniensis,
958 479 1121 508 testante
1147 472 1354 518 Anonymo
1382 470 1434 516 de¹
1454 473 1564 507 Com.
1591 483 1628 519 p.
1655 474 1791 511 XXIX.
1818 474 1874 512 fa.

224 540 332 578 bulas
372 543 533 578 Athenis
573 543 711 579 docere
751 541 893 588 coepit,
933 541 1202 589 magistxatum
1240 549 1396 576 tenente
1430 540 1684 588 Apollodoro,
1719 543 1872 592 Olymp.

227 612 453 653 LXXXVII,
484 622 517 655 5.
544 622 714 659 quocum
743 608 992 644 consentiunt
1017 607 1098 644 fere
1120 619 1221 656 quae
1248 608 1412 654 Cyrillus
1438 620 1485 644 ex
1507 609 1678 658 antiquis
1709 610 1875 647 chrono-

224 677 325 726 logis
365 678 525 714 tradidit
563 689 595 712 o.
634 677 773 716 Julian.
812 676 901 712 Lib.
940 680 969 713 Ι.
1006 688 1046 724 p.
1085 687 1142 720 13.
1173 679 1216 712 Β.
1250 670 1464 726 ὀγδοηκοστῇ
1496 671 1603 726 ὀγδόῃ
1632 675 1690 714 τᾶν
1716 675 1877 737 applaudi-iv

298 833 448 863 XXXVII.
469 832 551 873 Lips.
570 833 759 869 {ruodep-‚m
778 832 836 872 νέξ
855 831 1002 869 γινομένη
1021 832 1153 871 χυςηγοΰ
1165 830 1244 875 (leg.
1264 832 1447 872 κοςηγηιοὸ),
1474 827 1545 860 ἔστι
1563 832 1606 868 με’
1621 832 1756 869 o'npmeri
1775 846 1874 873 :apsq-

300 878 353 910 ῒεῖι
367 893 436 917 «nra,
456 896 488 904 -
509 877 624 920 ’ἔγςαιψι
642 896 678 902 -
695 876 840 914 Ku'xazu,
860 889 950 918 quam
971 879 1054 919 prius
1075 879 1218 919 scriptam
1236 879 1327 909 fuisse
1347 879 1533 919 argumentis
1549 879 1671 919 probari
1685 890 1748 910 non
1762 887 1874 921 potest.

296 928 378 958 Tam
398 929 530 970 graviter
550 928 644 970 igitur
663 937 732 958 cum
755 926 913 957 comoedia
934 925 1132 969 affligeretur,
1155 938 1216 957 non
1239 926 1346 956 mirum
1369 931 1425 963 est,
1452 925 1544 963 cives,
1572 937 1642 957 eum
1670 936 1723 958 sua
1750 937 1877 960 comoe-

296 976 365 1005 -diae
393 976 517 1005 materia
544 976 672 1010 deesset,
701 974 880 1012 conjunctas
905 985 977 1004 cum
1005 974 1174 1004 fabularum
1199 974 1413 1004 commissione
1441 973 1592 1014 impensas
1618 974 1720 1006 facere
1747 976 1875 1017 amplius

300 1021 445 1052 noluisse.
486 1019 552 1051 Cfr.
572 1021 729 1051 Platonius
751 1020 788 1051 de
811 1018 899 1051 Com.
922 1031 951 1061 p.
973 1020 1109 1050 XXXIV.
1129 1021 1211 1061 Lips.
1254 1020 1328 1057 Quo
1351 1020 1526 1056 accedebat,
1548 1021 1642 1060 quod,
1667 1032 1739 1052 cum
1760 1022 1875 1053 bellum

299 1068 593 1109 Peloponnesiacum
614 1074 646 1099 et
664 1067 801 1109 publicas
823 1073 855 1098 et
875 1068 1003 1109 privatas
1024 1067 1255 1098 Atheniensium
1273 1078 1351 1108 opes
1369 1067 1529 1097 insanabili
1554 1067 1679 1099 vulnere
1704 1068 1874 1107 afflixisset,

299 1114 414 1144 civibus
434 1125 473 1145 ne
500 1115 531 1144 in
553 1124 669 1143 summa
688 1114 812 1152 quidem
833 1114 962 1143 faciendi
982 1114 1140 1144 voluntate
1163 1121 1300 1154 sumptus
1322 1114 1359 1143 ad
1375 1114 1500 1150 thoros,
1524 1114 1559 1144 in
1579 1114 1689 1154 quibus
1709 1116 1873 1157 praecipua

298 1160 407 1192 veteris
436 1161 611 1192 comoediae
640 1159 706 1190 laus
731 1159 805 1197 fuit,
832 1159 890 1189 rite
919 1159 1071 1201 digneque
1098 1160 1291 1190 instruendos
1320 1166 1528 1200 suppeterent„
1569 1160 1764 1201 Quamquam
1792 1163 1873 1194 enin

299 1208 409 1239 comici
435 1208 521 1239 chori
547 1218 609 1239 non
637 1218 686 1244 eo,
715 1217 776 1247 quo
805 1206 923 1249 tragici,
950 1206 1112 1247 splendore
1140 1206 1316 1249 gaudebant
1343 1205 1508 1244 (fleraldus
1535 1206 1694 1239 Animadv.
1721 1209 1752 1239 in
1780 1209 1874 1241 salm.

297 1255 427 1285 Observ.
456 1255 492 1285 ad
520 1255 568 1285 Ius
595 1256 660 1285 Att.
689 1260 721 1284 et
740 1254 830 1284 Rom.
852 1255 905 1291 VI,
925 1253 955 1290 8,
978 1252 1035 1291 5.),
1056 1264 1109 1284 eos
1130 1260 1232 1284 tamen
1254 1260 1393 1294 sumptus
1414 1253 1620 1293 requirebant,
1640 1266 1717 1295 quos
1737 1257 1769 1287 in
1789 1263 1875 1288 tanta

298 1302 434 1333 omnium
454 1313 554 1333 reru-m
576 1301 659 1333 clade
679 1301 726 1332 xix
746 1312 781 1331 ac
801 1311 840 1331 ne
860 1300 907 1331 vix
927 1300 1049 1341 quidem
1070 1311 1197 1342 erogare
1219 1297 1356 1342 possent.
1395 1300 1440 1330 Ita
1461 1300 1574 1330 factum
1596 1308 1652 1339 est,
1674 1308 1709 1333 ut
1728 1303 1789 1343 jam
1810 1304 1873 1334 Eu·

297 1348 389 1390 polis,
411 1359 501 1389 quem
523 1349 602 1378 ultra
624 1348 744 1389 Olymp.
766 1346 873 1377 XCIII.
894 1348 986 1377 vitam
1010 1349 1185 1388 produxisse
1206 1348 1309 1377 doceri
1330 1358 1390 1377 non
1413 1354 1526 1387 potest,
1548 1348 1586 1379 de
1602 1350 1725 1380 sordida
1746 1351 1874 1393 ebor-egi

296 1402 477 1439 paupertate
499 1402 687 1438 quereretur,
709 1395 789 1437 apud
807 1393 925 1426 Polluc.
943 1394 995 1425 ill.
1016 1405 1046 1436 p.
1069 1394 1137 1425 329.
1155 1392 1227 1427 ”Hir
1246 1392 1373 1433 χοραγὲ.
1390 1391 1505 1423 minu
1525 1394 1720 1436 ξυπειςότιςοι
1739 1396 1822 1427 'roffi'
1836 1396 1871 1427 ιῖ-

297 1444 357 1477 tm
373 1444 523 1474 Omnium
545 1450 645 1473 autem
668 1444 793 1473 maxime
815 1441 962 1479 Cinesias,
984 1442 1218 1484 dithyrambicus
1239 1447 1341 1483 poeta,
1364 1452 1458 1482 quum
1480 1452 1496 1472 a
1520 1443 1647 1474 comicis
1675 1445 1774 1486 poetis
1799 1456 1872 1477 cru·

297 1489 447 1519 delissime
473 1490 525 1519 sed
555 1499 610 1519 suo
641 1489 750 1518 merito
774 1495 948 1525 vexaretur,
975 1489 1048 1517 nihil
1074 1490 1257 1518 intentatum
1288 1488 1448 1527 reliquisse
1475 1489 1612 1526 videtur,
1646 1501 1707 1529 quo
1737 1499 1872 1522 veterem

295 1535 385 1568 chori
404 1535 658 1579 magnificentiam
681 1541 712 1566 et
732 1535 910 1579 dignitatem
939 1535 1133 1565 convelleret.
1175 1534 1279 1565 Schol.
1300 1534 1457 1575 Aristopb.
1485 1535 1562 1564 Ran.
1584 1535 1651 1567 153.
1672 1535 1740 1568 406.
1777 1537 1872 1575 Quod

297 1585 413 1614 factum
435 1594 499 1614 esse
520 1584 603 1614 brevi
627 1590 696 1613 aute
718 1584 801 1614 Pluti
825 1584 989 1614 editionem
1011 1584 1173 1614 secundam
1195 1583 1225 1612 h.
1247 1594 1273 1613 e.
1296 1582 1417 1623 Olymp.
1438 1579 1562 1614 XCVII.
1583 1584 1730 1616 docemur
1749 1585 1779 1617 in
1800 1585 1871 1618 Vita

298 1629 455 1671 Aristoph.
483 1640 512 1670 p.
540 1630 704 1660 XXXVIII.
730 1630 812 1670 Lips.
839 1630 986 1660 Similiter
1010 1630 1186 1670 Agyrrhius,
1214 1629 1402 1658 sufflissimus
1430 1630 1535 1666 homo,
1560 1633 1739 1662 comoediae
1759 1633 1817 1661 vim
1838 1639 1870 1662 et

298 1678 477 1721 dignitatem
499 1688 536 1709 eo
559 1677 740 1710 labefactare
761 1683 888 1709 conatus
910 1682 967 1716 est,
997 1676 1081 1719 quod
1102 1681 1261 1719 poetarum
1282 1675 1452 1706 mercedem
1474 1676 1675 1709 imminueret.
1707 1678 1744 1708 V.
1765 1677 1868 1708 Schol.

296 1726 454 1765 Aristoph.
480 1726 564 1755 Eecl.
594 1726 661 1755 102.
687 1732 719 1756 et
746 1727 823 1755 Ran.
852 1725 919 1756 367.
946 1727 1126 1755 emendante
1155 1724 1317 1754 Brunckio.
1360 1724 1452 1761 Quod
1476 1725 1588 1756 sactum
1607 1727 1726 1758 videtur
1745 1726 1867 1767 Olymp.

297 1770 406 1809 XCVI,
435 1772 463 1803 3.
500 1782 561 1813 quo
589 1778 730 1814 tempore
756 1772 912 1803 maximam
940 1771 1032 1803 fuisse
1059 1770 1198 1813 Agyrrhii
1225 1771 1255 1800 in
1284 1770 1405 1800 civitate
1434 1772 1603 1812 potentiam
1632 1773 1662 1802 in
1690 1773 1868 1802 Historia

297 1820 602 1860 demagogorum
621 1820 837 1851 atticorum
859 1820 1045 1851 docebimus.
1076 1820 1121 1850 lta
1142 1819 1236 1861 igitur
1255 1818 1369 1849 factum
1390 1824 1446 1857 cst,
1469 1825 1504 1850 ut
1522 1825 1588 1851 tum
1609 1820 1699 1851 civilis
1719 1819 1869 1851 libertatis

297 1866 412 1904 jactura
440 1866 684 1906 privatarumque
713 1877 814 1896 rerum
840 1867 1030 1903 calamitate,
1070 1873 1136 1896 tum
1163 1867 1352 1908 singulorum
1382 1867 1555 1902 hominum,
1596 1867 1703 1905 quibus
1738 1868 1870 1898 molesta

299 1920 378 1944 essct
405 1912 573 1959 comoedia,
594 1912 705 1943 invidia
724 1919 811 1944 vetus
831 1914 1009 1944 comoediae
1031 1913 1150 1943 licentia
1173 1912 1345 1955 gravissime
1368 1912 1562 1953 affligeretur,
1593 1918 1624 1942 et
1650 1912 1775 1943 choi-ica
1803 1924 1868 1943 car·

297 1961 377 1989 mina
397 1960 460 1989 sere
482 1970 605 1999 prorsus
625 1961 882 1991 obmutescerent.
922 1963 1040 1991 Mutata
1060 1962 1154 2002 igitur
1171 1973 1273 1991 rerum
1290 1960 1468 1990 conditione
1489 1970 1550 1989 non
1571 1960 1681 1991 mirum
1698 1967 1755 1999 est,
1777 1962 1867 1993 etiam

297 2005 464 2047 parabasin,
492 2005 577 2045 cujus
604 2005 636 2035 in
664 2005 788 2046 antiqua
813 2007 974 2037 comoedia
1002 2007 1062 2037 vim
1089 2008 1204 2048 optime
1234 2006 1394 2036 declaravit
1419 2006 1537 2035 Platon.
1568 2007 1606 2035 de
1630 2005 1720 2037 Com.
1748 2009 1767 2037 Ι.
1791 2010 1809 2037 l.
1837 2020 1865 2049 p.

295 2055 431 2091 XXXIV,
460 2053 496 2084 ab
524 2054 582 2084 hoc
610 2053 679 2084 inde
699 2059 838 2095 tempore
860 2065 983 2096 prorsus
1004 2065 1021 2086 e
1042 2054 1151 2085 fabulis
1169 2054 1314 2085 exulasse.
1354 2052 1550 2094 Quamquam
1570 2053 1654 2085 enim
1676 2055 1767 2087 etiam
1788 2056 1867 2087 inter

295 2101 468 2132 vetustioris
490 2101 665 2130 comoediae
692 2099 807 2130 fabulas
829 2101 963 2138 suerunt,
994 2112 1071 2140 quae
1093 2113 1193 2140 neque
1215 2101 1336 2131 cliorica
1355 2101 1489 2131 camina
1510 2113 1610 2142 neque
1633 2104 1790 2143 parabases
1812 2104 1863 2133 ba-

294 2147 411 2186 berent,
432 2158 467 2179 ex
488 2157 550 2189 quo
570 2157 682 2190 genere
695 2144 812 2178 Cratini
829 2146 973 2180 ὀδυσσ-ιῖς
991 2147 1083 2180 fuisse
1103 2148 1224 2185 scimus,
1246 2153 1346 2178 tamen
1367 2146 1424 2178 bae
1446 2154 1479 2178 et
1498 2158 1626 2179 numero
1648 2149 1770 2180 fuerunt
1790 2160 1864 2190 pau-

295 2196 430 2227 cissimae
459 2201 490 2226 et
514 2196 549 2225 iis
574 2196 701 2226 sortasse
729 2196 857 2236 scriptae
885 2196 1090 2237 temporibus,
1131 2195 1239 2235 quibus
1266 2195 1445 2227 comoediae
1473 2196 1653 2239 dignitatem
1685 2196 1862 2239 Morychidia

297 2243 500 2285 psephismate
521 2241 733 2274 labefactatam
754 2252 819 2274 esse
841 2242 1011 2280 docuimus,
1031 2243 1051 2273 i.
1073 2252 1099 2272 e.
1120 2242 1201 2272 inter
1221 2241 1344 2283 Olymp.
1364 2242 1515 2281 LXXXV,
1537 2244 1553 2274 1
1576 2258 1614 2266 —
1631 2244 1659 2275 4.

1242 2303 1324 2337 Ea
