2155 2624
1067 42 1134 95 l7

264 139 352 163 rum
379 126 493 162 fuisse
520 125 694 161 arbitror.
736 124 909 161 Multum
937 124 1031 162 adeo
1058 136 1203 169 vereor,
1237 138 1286 161 ne
1312 122 1445 161 Suidas
1471 122 1738 170 Aristophanis
1764 124 1850 160 loco
1875 125 1917 161 in

262 196 425 231 Acharn.
454 204 540 238 850.
567 194 627 229 cll.
654 206 760 237 1172.
789 193 969 242 deceptus
995 194 1055 238 sit,
1082 194 1151 230 ubi
1177 194 1270 229 alius
1297 193 1454 242 quidam
1483 192 1671 235 Cratinus,
1698 191 1917 228 molliculus

266 264 386 298 homo
415 271 452 298 et
479 262 673 307 delicatus,
701 275 816 311 quem
841 263 1008 309 lyricum
1033 271 1190 310 poetam
1217 261 1333 297 fuisse
1360 262 1589 298 Scholiastes
1617 268 1791 303 testatur,
1818 271 1839 295 a
1856 271 1919 295 co-

264 330 368 365 mico
402 331 610 380 sugillatur.
663 331 820 366 Veneris
852 331 1122 378 impotentiam
1154 331 1195 365 in
1235 338 1369 374 nostro
1411 329 1567 365 Cratino
1606 328 1759 365 notavit
1800 328 1919 364 etiam

264 401 391 433 Acron
420 399 485 447 qui
513 398 653 435 dicitur
680 399 727 435 ad
753 399 909 435 Horatii
930 399 1047 446 Epist.
1069 411 1100 440 1,
1123 409 1181 441 19,
1203 407 1253 434 1.:
1281 404 1440 431 tantae
1465 395 1693 432 libidinis
1719 396 1834 439 fuit,
1862 403 1919 431 ut

265 466 537 502 cubiculum
577 479 708 502 suum
744 467 955 513 speculis
991 465 1248 500 adornaret
1284 473 1355 499 etc.
1410 464 1567 499 Scilicet
1601 464 1744 512 legerat
1771 463 1918 512 aliquid

269 533 392 569 simile
420 534 467 570 de
493 535 686 582 speculato
711 533 896 569 cubiculo
923 532 1080 569 Horatii
1108 531 1209 579 apud
1225 530 1546 567 Pseudo-Sueton.
1564 532 1650 566 Vita
1665 533 1800 567 Horat.
1818 535 1916 579 756.,

268 601 384 650 idque
418 602 599 637 obscurus
635 603 707 637 iste
740 600 977 648 magistellus
1011 611 1083 647 pro
1116 608 1273 647 stupore
1308 611 1377 634 suo
1413 598 1461 634 ad
1487 600 1681 635 Cratinum
1709 598 1916 634 transtulit.

262 668 314 704 Cf.
350 670 538 718 Lessingii
571 669 719 704 Vindio.
753 670 889 703 Horat.
923 680 960 715 p.
999 677 1084 712 204.
1145 667 1282 703 Verius
1316 668 1479 703 alterum
1505 667 1615 710 illud,
1649 666 1754 716 quod
1780 666 1917 703 Suidas

265 736 432 778 addidit,
467 737 647 771 vinosum
681 735 796 770 fuisse
830 736 1045 779 Cratinum,
1085 748 1181 784 quae
1214 747 1274 771 res
1307 736 1564 783 multiplicem
1589 735 1838 782 Aristophani
1862 735 1916 771 ri-

264 804 381 839 dendi
412 803 641 851 jocandique
670 803 870 839 materiem
903 804 1090 851 praebuit.
1142 807 1185 839 V.
1214 807 1298 839 Pac.
1328 815 1413 848 703.
1440 808 1536 851 Equ.
1562 813 1650 847 400.
1680 814 1763 847 531.
1816 808 1915 839 Ean-

262 870 350 906 dem
382 871 422 906 in
454 883 537 907 rem
571 872 791 920 perelegans
827 881 882 907 est
918 872 1057 908 incerti
1091 873 1256 908 auctoris
1292 872 1525 920 epigramma
1559 870 1661 919 apud
1694 871 1832 907 Athen.
1867 874 1914 908 Π.

260 951 295 987 p.
334 950 395 983 59.
431 951 461 974 c.
495 940 597 974 inter
629 939 829 975 Nicaeneti
864 940 1032 975 carmina
1064 950 1263 988 receptum
1297 951 1317 974 a
1343 939 1540 976 Brunckio
1573 940 1680 976 Anal.
1708 940 1735 975 1.
1762 951 1799 987 p.
1825 948 1913 983 417.

264 1007 369 1056 quod
397 1008 541 1043 Cratini
567 1016 823 1043 monumento
851 1008 1079 1055 inscriptum
1107 1008 1221 1044 fuisse
1249 1007 1442 1044 fabulatur
1461 1013 1592 1044 Acron
1617 1008 1686 1043 ille
1712 1008 1760 1044 ad
1774 1010 1911 1044 Horat.

259 1076 286 1111 1.
324 1088 355 1111 c.
390 1075 461 1110 ubi
495 1087 590 1123 quae
625 1075 754 1110 addita
787 1076 984 1124 leguntur:
1024 1077 1256 1112 Cratinus
1283 1085 1445 1112 tantae
1471 1076 1773 1112 vinolentiae
1800 1075 1911 1119 fuit,

259 1152 312 1180 ut
346 1142 523 1178 solitus
559 1141 713 1177 fuerit
746 1154 889 1189 supra
923 1144 1081 1189 pelles
1114 1144 1417 1186 recumbere,
1444 1145 1493 1179 in
1520 1156 1632 1190 quas
1661 1144 1912 1180 comedere

262 1218 639 1252 consueverunt,
678 1209 837 1245 fortasse
877 1222 925 1245 ex
962 1210 1159 1257 Aristoph.
1199 1211 1327 1258 Equit.
1362 1219 1451 1254 400.
1488 1210 1684 1246 emendari
1719 1219 1912 1258 poterunt,

258 1279 328 1316 ubi
362 1288 545 1327 tanquam
578 1275 748 1328 ε’νουςητῆς
781 1277 930 1314 ridetur
957 1278 1151 1314 Cratinus:
1180 1279 1214 1313 εἴ
1236 1292 1276 1313 σε
1302 1276 1353 1325 μή
1376 1277 1478 1325 μισῶ,
1506 1280 1662 1325 ’γενοίμην
1687 1279 1720 1314 ἐν
1745 1280 1912 1328 Κρατίνου

259 1340 383 1382 κώδιον.
435 1349 573 1393 Neque
606 1358 699 1381 vero
733 1346 828 1392 ipse,
862 1358 940 1393 quo
974 1344 1186 1388 laborabat,
1222 1346 1362 1381 vitium
1397 1346 1670 1388 dissimulabat,
1698 1346 1764 1382 sed
1785 1348 1909 1394 ipsam

259 1416 365 1452 illam
391 1412 639 1449 bibacitatem
666 1424 774 1448 suam
799 1413 840 1448 in
867 1413 1005 1459 Pytine
1031 1413 1264 1462 lepidissime
1291 1414 1537 1461 perstrinxit3
1565 1425 1680 1462 quam
1705 1414 1773 1450 ille
1800 1414 1909 1451 fabu-

258 1484 336 1519 lam
369 1489 478 1516 tanto
513 1481 687 1516 omnium
721 1482 857 1528 plausu
891 1482 1046 1524 docuit,
1080 1491 1125 1517 ut
1150 1482 1325 1527 judicum
1353 1483 1551 1519 sententiis
1578 1491 1617 1518 et
1642 1482 1910 1530 Aristophanis

257 1549 436 1588 Nubibus
461 1557 499 1584 et
526 1552 661 1585 Conno
689 1549 892 1597 Amipsiae,
920 1562 1016 1598 quae
1042 1549 1193 1585 fabulae
1219 1550 1336 1585 simul
1363 1562 1453 1586 cum
1479 1550 1615 1596 Pytine
1640 1551 1680 1585 in
1716 1560 1908 1587 certamen

261 1618 487 1655 commissae
521 1617 684 1660 fuerant,
719 1618 937 1665 praemium
970 1619 1217 1666 praeriperet.
1271 1621 1361 1655 Hoc
1394 1627 1478 1654 tum
1512 1619 1554 1654 in
1583 1627 1808 1668 argumento
1834 1628 1908 1654 tra·

260 1686 360 1723 didit
385 1695 492 1722 vetus
521 1686 790 1734 grammaticus
817 1697 855 1734 p.
885 1697 918 1734 7.
946 1689 1080 1723 Herm.
1108 1695 1192 1721 tum
1218 1686 1299 1734 ipse
1325 1686 1366 1721 in
1393 1685 1566 1734 parabasi
1589 1685 1764 1723 Nubium
1790 1686 1906 1736 signi-

257 1753 349 1790 ficat
364 1754 655 1801 Aristophanes:
684 1767 761 1802 quo
777 1755 896 1803 magis
919 1755 1061 1789 mirum
1085 1763 1142 1790 est
1156 1754 1407 1790 Scholiastam
1430 1754 1477 1789 ad
1490 1754 1594 1790 Nub.
1609 1766 1693 1799 521.
1714 1754 1906 1801 scripsisse

260 1821 297 1857 οὐ
325 1823 488 1871 Κςκτίνευ
515 1819 596 1856 ἀλλ’
622 1820 806 1867 Ἀμειψίου
833 1818 984 1873 δεύτερος
1010 1819 1129 1869 ὤφθη.
1181 1826 1463 1872 Argumentum
1495 1821 1656 1865 fabulae,
1691 1830 1792 1858 certe
1818 1834 1906 1870 par·

259 1899 337 1926 tem
371 1889 583 1938 argumenti
617 1891 783 1925 servavit
816 1891 943 1927 Schol.
979 1892 1091 1927 Arist.
1126 1894 1220 1940 Equ.
1252 1902 1336 1936 599.
1388 1891 1543 1927 Scilicet
1568 1889 1819 1927 Comoediam
1845 1891 1905 1927 in-

260 1958 437 2005 geniosus
471 1966 583 2003 poeta
618 1969 778 1993 uxorem
812 1971 920 1994 suam
956 1972 1034 1995 esse
1064 1958 1250 2002 finxerat,
1295 1959 1362 1995 sed
1395 1958 1606 1995 divortium
1639 1970 1729 1995 cum
1762 1960 1904 1996 marito

260 2024 444 2060 facturam
480 2032 518 2058 et
549 2020 730 2063 κακώσεως
760 2025 870 2060 litem
905 2025 940 2060 ei
974 2027 1220 2061 intenturam.
1275 2029 1361 2075 Quo
1389 2026 1556 2075 cognito,
1592 2026 1661 2074 qui
1688 2025 1789 2062 forte
1817 2026 1903 2063 ade·

260 2101 347 2130 rant
380 2092 524 2128 Cratini
558 2091 761 2127 familiares
796 2092 997 2128 obsecrant
1030 2094 1244 2136 mulierem,
1278 2103 1323 2129 ut
1348 2106 1396 2129 ne
1421 2093 1517 2141 quid
1543 2102 1689 2130 temere
1715 2094 1839 2138 faciat,
1867 2103 1904 2131 et

261 2172 357 2210 quae
382 2159 432 2195 sit
456 2167 582 2195 tantae
609 2158 835 2194 inimicitiae
862 2171 972 2193 causa
999 2169 1199 2207 quaerunt.
1252 2163 1351 2195 Tum
1379 2160 1446 2196 illa
1472 2162 1695 2211 gravissime
1731 2162 1901 2211 queritur

260 2229 308 2264 de
344 2228 496 2265 Cratino
524 2227 628 2276 quod
660 2239 700 2262 se
733 2227 949 2262 contemtui
981 2227 1120 2265 habeat
1150 2236 1354 2276 totumque
1386 2241 1468 2266 sese
1493 2230 1760 2267 ‘temulentiae
1786 2229 1900 2265 tradi-

1286 2298 1314 2332 C
