2155 2624
1013 20 1080 88 33

219 130 348 175 Τιτοίν,
392 127 412 166 ὁ
444 122 696 176 παιδεςαστῆς,
727 124 804 161 <ubi
831 123 965 160 confer
1000 124 1210 161 Albertum.
1261 123 1361 160 'Vide
1395 122 1563 159 eundem
1589 121 1660 158 sub
1686 136 1723 158 v.
1748 123 1869 167 Πᾶνες.

220 200 371 238 Omisso
399 196 552 232 fabulae
577 194 721 230 indicio
747 194 937 229 rarissime
963 193 1141 229 laud-atur
1167 193 1364 239 Myrtilus
1393 191 1460 227 cfr.
1489 192 1629 227 Pollux
1656 194 1716 227 VI.
1744 201 1807 236 40.
1833 203 1871 229 et

217 265 426 315 Phrynich.
460 264 537 301 Ecl.
572 268 649 301 Att.
682 276 719 312 p.
755 272 842 309 455.
896 261 1076 299 Ceterum
1110 261 1259 297 fallitur
1292 260 1483 297 Fabricius
1516 260 1619 297 Bibl.
1656 263 1720 297 Gr.
1756 264 1801 297 11.
1834 274 1870 310 p.

219 346 307 381 471.
323 333 501 369 «eundem
528 333 632 368 hunc
652 333 859 378 BIyrtilum
885 331 1033 366 laudari
1059 338 1198 378 putans
1225 342 1245 364 a
1273 329 1389 364 Suida
1416 341 1443 363 s.
1467 342 1503 363 v·
1521 328 1674 375 Λήμνιον.
1702 334 1738 366 Is
1766 330 1873 366 enim

218 403 424 440 historicus
452 411 507 438 est
532 402 726 448 Illyrtilus,
754 400 1028 437 Lesbiacorum
1058 407 1193 433 auctor
1217 396 1452 439 notissimus,
1489 396 1536 432 de
1563 410 1640 445 quo
1667 398 1734 434 cfr.
1763 401 1871 435 Voss.

221 472 269 509 de
295 472 381 507 hist.
410 474 470 507 Gr.
498 474 562 507 III.
590 483 626 518 p.
653 482 750 516 '59¹3
778 468 884 504 idem
910 467 1098 513 Myrsilus
1125 465 1415 513 vocaturapud
1442 466 1631 501 Plutarch.
1660 466 1707 501 de
1734 470 1871 516 Aquat.

220 548 259 576 et
275 548 441 575 terrestr.
469 551 506 586 p.
535 547 620 582 984.
648 542 690 573 E.
717 536 787 571 ubi
815 547 911 583 quae
938 532 1162 576 afferuntur,
1190 547 1238 569 ex
1265 534 1345 580 ejus
1372 534 1551 583 ἱστορικοῖς
1576 528 1789 583 ποιςσιδέξως
1823 535 1870 572 ab

221 608 359 644 Athen.
387 610 488 642 XIII.
513 619 550 653 p.
580 609 665 640 610.
694 616 725 638 a.
753 603 916 639 laudatis
945 602 1143 649 desumpta
1171 611 1268 637 sunt.

321 679 483 717 Eorum,
529 674 577 708 de
612 672 751 720 quibus
785 671 910 706 adhuc
947 671 1243 718 disputavimus,
1283 679 1487 718 poetarum
1523 671 1719 719 aequalem
1756 670 1874 707 fuisse

221 744 456 792 suspicamur
472 745 728 783 Amnum-mu,
757 739 862 785 cujus
891 740 1061 776 fabulam
1088 737 1328 786 Κσλυμβῶσικι
1355 725 1588 788 inscriptam.
1604 753 1625 775 e
1652 740 1873 776 Ptolemaeo

220 810 518 860 Hephaestionis
545 809 569 844 f.
597 818 875 845 commemorat
910 808 1071 844 Photius
1105 808 1202 843 Bibl.
1239 807 1334 843 Cod.
1363 811 1469 843 CXC.
1503 820 1539 855 p.
1569 817 1653 852 554.
1683 808 1718 843 d.
1746 807 1796 843 ὅτι
1821 822 1861 844 τε

221 877 450 920 λευτνῖσαντες
477 879 665 927 Δημητξίσυ
697 875 758 912 τεῦ
785 876 950 922 Σκηψίου
982 874 1025 912 ’τέ
1050 873 1191 921 βιβλίον
1218 872 1392 916 Τέλλιδες
1417 874 1503 926 πςές
1528 875 1571 927 ’τῇ
1596 874 1742 926 κεφαλῇ’
1768 873 1873 912 αὐτοῦ

222 944 354 998 ἕυςέθη·
381 944 446 986 τοίς
472 940 507 982 δὲ
533 942 777 992 Κελυμβῶσκς
802 942 1080 992 Ἀλκμείνους
1105 942 1192 993 vrgo}
1217 943 1259 996 τῇ
1291 943 1438 995 κεφαλῇ’
1471 947 1640 992 Τυννίχευ
1675 945 1744 990 (ita
1776 949 1876 982 Nae·

220 1015 307 1051 kius
334 1014 381 1050 de
409 1014 547 1049 Choer.
569 1026 605 1061 p.
623 1025 681 1058 59.
709 1025 781 1060 pro
809 1022 989 1060 corrupto
1018 1010 1230 1058 Τιτωιύχσυ)
1256 1011 1319 1048 τοῦ
1342 1007 1540 1052 Χαλκιδέως
1565 1010 1750 1062 εὑξεθῆιάί
1771 1016 1873 1059 φατι,

219 1081 297 1123 τούς
330 1076 355 1118 δ’
390 1077 650 1130 Ὑβριστοδίκοις
682 1076 873 1120 Εὐπόλιδος
907 1078 994 1131 πξὲς
1026 1078 1069 1131 τῇ
1093 1078 1302 1126 Ἐφιάλτου,
1336 1078 1415 1120 τούς
1447 1075 1678 1120 δὲ-Εύνείδας
1709 1083 1873 1131 Κρατίνου

222 1147 308 1199 τρεῖς
332 1147 375 1199 ’τῇ
397 1144 637 1197 Ἃλεξείνδξευ.
689 1147 767 1182 Ubi
794 1156 1019 1194 corruptum
1042 1146 1260 1193 Ἀλκμαῖνους
1285 1161 1430 1183 nomen
1456 1162 1535 1183 non
1562 1150 1602 1184 in
1629 1148 1873 1195 Ἀλκμαίωνος,

222 1226 267 1254 ut
292 1217 418 1253 voluit
443 1215 669 1253 VVelckerus
696 1218 842 1265 Fragm.
870 1215 992 1251 Alcm.
1018 1227 1055 1263 p.
1074 1229 1108 1260 9.
1137 1215 1202 1251 sed
1228 1216 1268 1251 in
1298 1214 1515 1262 Ἀλκιμένευς
1540 1216 1768 1253 mutandum
1797 1230 1876 1254 esse

224 1286 339 1323 ‘docet
365 1284 497 1322 Suidas
524 1297 551 1320 s.
579 1298 614 1319 v.
640 1282 837 1330 Ἀλκιμένης
861 1286 905 1319 Τ.
931 1287 958 1318 I.
986 1296 1023 1331 p.
1056 1296 1138 1327 117.
1174 1285 1245 1320 ἔστι
1272 1280 1307 1319 δὲ
1334 1286 1397 1319 καὶ
1423 1285 1531 1333 &reges
1556 1284 1751 1332 Ἀλκιμένης
1776 1283 1875 1327 Ἀθη-

223 1358 332 1398 ναῒος,
366 1351 520 1399 κωμικός.
573 1351 669 1388 Illud
707 1361 834 1387 autem
862 1352 1057 1388 verissime
1084 1352 1238 1387 monuit
1266 1352 1507 1395 Welckerus,
1542 1365 1633 1401 quas
1660 1353 1764 1389 idem
1790 1355 1874 1391 Sui·

224 1423 302 1466 das,
335 1422 415 1458 sive
442 1433 511 1457 suo
537 1421 656 1468 ipsius
690 1420 770 1455 sive
805 1420 969 1455 aliorum
1005 1433 1134 1456 errore
1162 1420 1356 1467 deceptus,
1384 1421 1560 1456 Alcmani
1586 1422 1709 1467 lyrico
1735 1423 1875 1458 tribuit

223 1487 480 1536 Κολυμβῶσας,
503 1501 580 1524 non
608 1489 771 1524 diversas
797 1488 983 1536 putandas
1012 1501 1089 1523 esse
1118 1488 1163 1524 ab
1192 1489 1250 1531 iis,
1279 1500 1370 1536 quas
1398 1501 1501 1525 nunc
1528 1489 1656 1536 ipsum
1682 1490 1875 1527 Alcimeni

226 1541 378 1595 cornico
409 1557 699 1593 vindicavimus.
754 1557 898 1593 Aetatis
925 1566 1073 1599 autem,
1109 1569 1182 1605 qua
1211 1557 1309 1592 vixit
1334 1554 1572 1601 Alcimenc-s,
1608 1558 1873 1601 certissimum,

224 1629 265 1664 ni
300 1627 422 1669 fallor,
457 1625 645 1661 indicium
671 1626 881 1661 Ptolemaei
907 1625 1022 1661 verba
1049 1626 1243 1673 praebent,
1273 1626 1414 1674 quippe
1442 1626 1509 1674 qui
1536 1623 1794 1673 Κελυμβαίσαις
1819 1627 1872 1663 sa·

225 1697 316 1732 bula
348 1695 596 1741 Tynnichum
624 1693 916 1729 Chalcidensem
948 1694 1121 1741 impense
1163 1694 1394 1730 delectatum
1423 1693 1536 1730 fuisse
1562 1693 1764 1743 significet.
1789 1698 1872 1735 Jam

228 1775 347 1811 quum
380 1762 648 1807 Tynnichum‚
686 1762 841 1809 paeanis
875 1771 1071 1798 auctorem
1102 1762 1424 1804 laudatissimum,
1463 1763 1641 1808 Aeschyli
1677 1763 1872 1810 aequalem

228 1831 344 1867 fuisse
377 1838 527 1865 constet
560 1842 581 1864 e
615 1829 831 1877 Porphyrio
866 1830 914 1866 de
946 1829 1096 1866 Abstin.
1124 1833 1168 1866 11.
1195 1842 1233 1877 p.
1265 1841 1345 1873 152.
1374 1829 1422 1865 de
1450 1842 1527 1878 quo
1553 1831 1640 1866 loco
1667 1830 1875 1877 disputavit

228 1898 431 1946 Menagius
459 1897 506 1932 ad
533 1897 697 1946 Diogen.
716 1901 842 1934 Laert.
859 1901 905 1940 II,
922 1907 983 1941 42.
1008 1898 1217 1944 Aeschylus
1233 1906 1360 1933 autem
1376 1897 1515 1933 obierit
1530 1898 1678 1945 Olymp.
1696 1899 1872 1935 LXXXI.

226 1979 307 2003 non
333 1964 560 2001 incredibile
587 1964 744 2011 quidem
764 1964 896 2000 >videri
921 1967 1054 2012 possit,
1081 1966 1290 2002 Alcimenis
1318 1974 1478 2001 aetatem
1504 1966 1565 2000 vel
1581 1964 1741 2001 Cratino
1759 1966 1872 2003 fuisse

228 2033 483 2082 superiorem:
511 2041 548 2067 at
575 2044 694 2079 quum
721 2040 825 2067 tanta
841 2030 1085 2069 Alcimeneae
1112 2033 1263 2069 fabulae
1288 2032 1516 2080 praestantia
1545 2031 1662 2069 fuisse
1688 2034 1871 2077 videatur,

228 2114 323 2150 quae
356 2112 435 2135 non
462 2099 579 2136 cadat
611 2100 653 2135 in
688 2111 764 2141 eos,
792 2099 866 2146 ‚qui
900 2098 1099 2135 Cratinum
1133 2101 1359 2149 praegresssi
1392 2109 1501 2141 sunt,
1533 2110 1666 2148 poetas
1694 2103 1871 2144 comicos,

226 2168 474 2217 Tynnichum
506 2175 635 2202 autem
661 2166 762 2202 nihil
788 2165 973 2214 impediat
1000 2178 1077 2214 quo
1104 2167 1230 2201 minus
1257 2167 1377 2202 vitam
1402 2168 1504 2203 ultra
1530 2168 1761 2215 Aeschylum
1785 2181 1869 2215 pro-

230 2237 381 2273 duxisse
415 2240 633 2278 statuamus,
666 2235 764 2270 mihi
799 2234 968 2283 quidem,
1001 2244 1221 2283 temporum
1252 2234 1469 2272 rationibus
1503 2236 1754 2284 probabiliter
1784 2236 1869 2272 sub·

1252 2305 1284 2336 E
