2155 2624
1034 84 1076 146 4

229 194 322 224 νητες
352 178 463 232 ἠξίουν
495 176 682 217 ἑστιᾶσθαι
709 180 773 245 κα.)
797 173 933 215 δειπνεῖν
959 176 1162 220 πολυτελῶς
1187 192 1218 216 κ.
1244 191 1275 216 τ.
1301 183 1337 216 λ,
1391 180 1538 230 Quibus
1566 181 1661 220 adde
1688 193 1783 231 quae
1808 181 1869 219 his

229 250 370 287 similia
405 258 532 286 narrat
563 248 656 284 ibid.
689 259 727 296 p.
757 256 842 292 504.
870 251 912 284 E.
967 247 1041 284 Sed
1067 249 1284 298 Theagenes
1312 261 1389 297 quo
1416 258 1592 298 tempore
1618 252 1794 300 expulsus
1820 251 1870 287 sit

231 331 253 355 a
279 318 438 361 civibus,
471 329 659 365 nusquam
692 325 872 352 notatum
897 317 1046 364 reperio
1055 329 1065 359 3
1100 302 1224 365 neque
1250 318 1416 354 multum
1443 326 1571 354 tamen
1598 331 1618 355 a
1645 332 1737 356 vero
1764 319 1869 356 aber·

229 387 383 430 raverit,
411 385 476 434 qui
501 384 543 421 id
569 384 722 433 Olymp.
749 387 885 421 XLIII.
912 385 976 420 vel
1002 387 1134 421 XLIV.
1163 384 1307 421 factum
1334 399 1413 421 esse
1438 395 1587 422 statuat.
1620 391 1723 425 Nam
1739 388 1870 434 Olym-

229 454 342 504 piade
366 455 483 500 XLII.
510 453 668 488 ineunte
695 452 821 489 adhuc
846 451 999 489 firmam
1031 462 1069 488 et
1094 453 1331 489 incolumem
1359 454 1474 490 fuisse
1500 455 1713 504 Theogenis
1747 456 1872 492 domi-

230 522 430 561 nationem
457 533 504 556 ex
530 532 576 556 eo
602 520 842 568 intelligitur,
870 519 975 568 quod
999 520 1068 556 illo
1095 529 1269 568 tempore
1297 522 1494 568 Cylonem,
1527 534 1714 571 generum
1746 534 1871 566 suum,

230 590 271 627 in
304 588 526 637 occupanda
559 589 796 625 Athenarum
829 600 915 624 arce
947 589 1138 636 praesenti
1173 589 1318 625 auxilio
1354 589 1590 633 sustentavit,
1625 589 1799 636 Thucyd.
1820 593 1868 634 ΙΙ,

236 661 319 696 126.
372 656 519 695 Corsini
553 659 647 692 Fast.
680 660 758 691 Att.
793 658 858 691 III.
893 667 930 704 p.
966 659 1027 700 64.
1065 665 1103 692 et
1134 656 1325 693 Heinrich
1355 658 1527 705 Epimen.
1561 670 1598 705 p.
1629 669 1686 701 17.
1714 666 1775 700 80.
1827 661 1871 693 In

231 725 428 775 Megarico
456 733 584 760 autem
611 723 713 760 bello
743 722 790 760 de
806 724 996 760 Salamine
1022 724 1145 760 insula
1173 737 1261 760 cum
1277 726 1574 762 Atheniensibus
1592 734 1739 769 exorto,
1767 723 1872 774 quod

231 794 272 831 in
306 792 460 840 Olymp.
494 795 611 828 XLV.
645 792 815 828 incidere
850 792 1021 836 videtur,
1056 793 1202 828 nullam
1228 793 1442 841 'theagenis
1469 795 1708 829 mentionem
1735 793 1782 829 ab
1810 806 1872 828 an·

230 860 346 910 tiquis
373 860 624 909 scriptoribus
650 858 737 896 fieri
763 860 909 905 videas3
936 873 1059 908 neque
1085 860 1261 907 profecto
1287 862 1543 909 Megarenses,
1568 862 1643 897 nisi
1668 870 1752 898 tum
1779 870 1874 897 tem-

230 928 336 977 poris
361 928 438 974 jam
464 927 695 976 expulissent
724 936 929 973 tyrannum
956 940 977 962 e
1003 928 1137 975 patria,
1171 928 1495 964 Lacedaemonios
1524 929 1779 972 advocassent,
1808 929 1874 976 qui

230 1005 377 1033 motam
412 995 459 1031 de
484 996 609 1030 insula
636 995 746 1030 litem
774 995 932 1031 arbitrio
961 1008 1031 1030 suo
1060 996 1303 1038 dirimerent,
1330 997 1520 1032 Plutarch.
1549 997 1624 1032 Sol.
1657 1009 1714 1032 10.
1768 1000 1874 1044 Quae

229 1064 262 1100 si
286 1072 389 1101 recte
416 1062 607 1111 disputata
634 1071 732 1106 sunt,
760 1074 961 1111 procacem
988 1063 1109 1105 illam,
1138 1075 1253 1110 quam
1280 1063 1503 1099 Plutarchus
1531 1063 1725 1107 describit,
1751 1075 1874 1111 popu-

228 1132 318 1169 laris
351 1130 625 1168 dominationis
660 1130 879 1167 libertatem
913 1131 1065 1167 circiter
1096 1129 1188 1165 inde
1223 1130 1270 1165 ab
1305 1131 1457 1178 Olymp.
1493 1134 1607 1167 XLV.
1642 1132 1707 1167 vel
1739 1134 1872 1168 XLVI.

229 1199 388 1235 initium
415 1198 565 1234 duxisse
592 1198 835 1246 intelligitur.
889 1198 1038 1234 Eodem
1063 1197 1183 1246 igitur
1209 1206 1385 1244 tempore
1412 1198 1529 1234 etiam
1561 1198 1773 1242 comoedia,
1806 1211 1875 1246 po·

229 1265 373 1314 pularis
398 1265 555 1312 imperii
579 1265 682 1301 socia
710 1274 749 1300 et
776 1265 942 1307 alumna,
970 1264 1071 1312 apud
1097 1267 1343 1313 Megarenses
1378 1263 1556 1307 effloruit,
1590 1278 1715 1313 neque
1749 1267 1873 1301 multo

227 1342 327 1381 post,
359 1332 462 1368 inter
496 1332 647 1379 Olymp.
681 1334 727 1367 L.
756 1340 795 1367 et
820 1334 930 1375 LIV..
965 1344 999 1367 v.
1034 1333 1176 1367 Marm.
1213 1332 1354 1368 Arund.
1389 1332 1534 1380 Epoch.
1564 1340 1636 1376 54„
1672 1332 1874 1368 Susarione

229 1410 385 1438 auctore
410 1400 451 1436 in
477 1399 646 1437 Atticam
673 1399 921 1449 immigravit.
950 1398 1024 1435 Sed
1051 1398 1337 1448 antiquissimae
1363 1398 1477 1446 hujus
1505 1399 1607 1448 apud
1632 1402 1875 1450 Megarenses

228 1477 269 1506 et
293 1468 434 1504 Icarios
461 1467 686 1503 comoediae
713 1478 809 1515 quae
836 1468 985 1502 indoles
1014 1476 1052 1501 et
1077 1468 1177 1502 ratio
1204 1467 1333 1510 fuerit,
1359 1469 1400 1502 in
1426 1469 1585 1514 ancipiti
1610 1470 1782 1514 positum
1809 1477 1876 1504 est.

230 1539 472 1585 Quamquam
498 1537 743 1584 Megarenses
771 1533 940 1582 quidem,
968 1546 1064 1581 quos
1091 1534 1213 1581 ipsam
1240 1543 1417 1569 naturam
1444 1533 1491 1569 ad
1519 1534 1785 1569 conviciorum
1811 1546 1875 1581 pe-

229 1603 434 1640 tulantiam
465 1601 624 1638 finxisse
656 1601 797 1637 Pittaci
831 1601 981 1637 dictum
1016 1601 1060 1652 in
1085 1601 1246 1636 Anthol.
1274 1600 1389 1635 Palat.
1418 1603 1465 1635 11.
1498 1612 1535 1647 p.
1562 1611 1649 1643 445.
1685 1599 1875 1649 significat

228 1672 409 1720 Μεγαρεῖς
443 1664 478 1705 δὲ
511 1668 626 1718 φεῦγε
658 1665 811 1712 πάντας,
845 1669 914 1703 εἰσ)
939 1665 1013 1717 ’γεῖς
1045 1668 1168 1716 mneos,
1201 1668 1446 1716 Megarenses
1478 1667 1598 1715 igitur
1635 1667 1876 1705 comicorum

229 1739 384 1774 lusuum
417 1737 563 1773 facetiis
596 1736 764 1772 maxime
800 1737 1003 1783 optimates
1040 1735 1238 1781 carpsisse,
1272 1734 1333 1769 vel
1368 1746 1416 1770 ex
1444 1746 1491 1769 eo
1525 1734 1735 1784 intelligas,
1771 1735 1875 1783 quod

231 1805 302 1853 ipsi
329 1803 573 1842 comoediam
600 1802 763 1840 florente
791 1803 892 1852 apud
917 1814 957 1839 se
983 1802 1120 1851 populi
1145 1801 1310 1850 imperio
1337 1809 1464 1837 natam
1492 1813 1571 1837 esse
1604 1801 1875 1839 asseverabant.

233 1871 309 1908 Sed
333 1881 376 1908 ut
401 1872 484 1920 ipse
510 1871 802 1918 illepopularis
816 1871 1106 1918 Megarensium
1131 1870 1285 1916 imperii
1312 1878 1440 1911 status,
1467 1870 1672 1905 Plutarcho
1699 1879 1807 1913 teste,
1834 1871 1875 1906 in

233 1939 576 1989 petulantissimam
601 1938 798 1976 licentiam
824 1936 1131 1988 degeneraverat,
1149 1936 1202 1972 ita
1229 1937 1344 1973 etiam
1372 1936 1584 1982 comoedia,
1610 1948 1684 1986 qua
1699 1936 1759 1973 usi
1773 1945 1874 1982 sunt,

234 2007 389 2044 videtur
422 2006 469 2042 ad
496 2007 784 2054 procacissimas
810 2005 1073 2042 cavillationes
1100 2005 1336 2042 descendisse
1364 2014 1402 2041 et
1426 2006 1677 2042 insulsissima
1703 2017 1875 2055 quaeque

233 2076 316 2113 sive
348 2073 622 2123 praemeditato
654 2075 736 2111 sive
770 2073 1026 2121 extemporali
1058 2085 1234 2109 sermone
1266 2069 1463 2109 effutiisse.
1530 2072 1778 2121 Eandemque
1815 2073 1875 2109 illi

232 2144 427 2181 rationem
457 2141 574 2178 etiam
605 2151 756 2190 postea,
799 2141 1020 2178 Atticorum
1045 2140 1247 2176 comoedia
1272 2139 1349 2185 iam
1376 2140 1423 2176 ad
1449 2140 1641 2189 egregiam
1667 2140 1876 2189 elegantiae

234 2220 273 2247 et
297 2210 512 2246 festivitatis
537 2209 691 2245 laudem
718 2210 880 2252 exculta,
906 2209 960 2244 ita
987 2217 1203 2250 tenuerunt,
1231 2218 1275 2243 ut
1292 2204 1494 2256 Μεγαςικδν
1511 2209 1663 2255 γέλωτα,
1691 2218 1768 2253 quo
1791 2214 1875 2243 tum

236 2277 552 2316 contumeliosam
585 2276 805 2315 irrisionem
839 2285 922 2314 tum
956 2276 1131 2325 ineptum
1166 2283 1204 2312 et
1236 2273 1447 2323 insipidum
1479 2273 1632 2321 jocandi
1666 2283 1783 2322 genus
1811 2272 1873 2309 de·
