2155 2624
1058 70 1093 113 2

249 172 456 213 poetarum
493 163 694 200 historiam
728 162 812 211 quis
847 173 1018 210 unquam
1052 161 1210 211 dignam
1237 161 1392 207 habuit,
1427 164 1468 199 in
1497 176 1570 213 qua
1596 164 1649 201 ita
1676 164 1900 209 elaboraret,

250 242 296 269 ut
333 245 471 280 operae
504 232 671 279 pretium
706 230 840 266 fecisse
868 230 1142 266 existimandus
1170 229 1247 267 sit?
1290 231 1403 279 Quod
1431 233 1497 279 qui
1525 232 1649 270 facere
1675 234 1794 277 volet,
1821 243 1901 269 ’am

254 302 452 350 copiosam
478 298 696 347 inquirendi
725 298 1010 347 disserendique
1037 300 1240 335 materiam
1266 298 1444 342 habebit,
1472 299 1538 335 vix
1564 310 1608 336 ut
1634 303 1748 339 unius
1775 302 1901 339 homi·

254 370 327 413 nis,
363 367 533 417 quamvis
569 366 750 402 industrii
779 377 817 403 et
843 367 1039 409 laboriosi,
1073 369 1172 403 vires
1200 377 1308 402 tanto
1336 377 1491 415 tamque
1517 368 1592 404 late
1619 372 1766 416 patenti
1794 371 1903 418 operi

254 435 482 473 suffecturae
516 447 595 470 esse
632 433 847 470 videantur.
901 439 1034 482 Itaque
1067 436 1107 470 in
1146 444 1247 471 tanta
1281 435 1337 470 rei
1374 436 1628 483 amplitudine
1655 439 1903 474 vehementer

256 503 469 552 optandum
497 510 572 544 est,
607 510 651 536 ut
678 502 775 537 alius
803 503 923 538 alium
949 504 1080 539 locum
1107 503 1182 539 sibi
1210 503 1449 538 tractandum
1476 503 1611 551 eligat:
1648 491 1752 551 qubd
1779 507 1810 540 si
1838 507 1903 548 ita,

252 581 299 607 ut
323 572 408 617 ipse
436 570 516 615 ejus
542 570 598 605 rei
626 570 793 616 speciem
820 570 952 606 animo
979 583 1068 606 meo
1096 570 1314 613 informavi,
1342 569 1484 606 factum
1508 570 1636 613 fuerit,
1665 572 1904 618 deperditam

256 642 491 676 Graecorum
519 648 671 672 scenam
700 638 807 684 quasi
834 637 935 672 vitae
962 637 1154 673 redditam
1180 649 1357 686 novaque
1382 639 1469 673 luce
1496 638 1754 673 collustratam
1787 639 1904 675 habe·

256 706 393 743 bimus.
448 703 523 740 Sed
555 717 605 739 ne
638 704 718 751 ipse
757 713 839 740 tam
876 704 1080 740 laudabilis
1121 705 1290 740 instituti
1328 705 1473 741 otiosus
1513 715 1701 753 spectator
1739 706 1903 749 sedeam,

257 775 497 822 aliorumque
531 773 661 821 potius
696 785 812 821 quam
848 786 972 809 meam
1007 774 1313 822 qualemcunque
1351 787 1508 822 operam
1542 774 1582 809 in
1624 772 1793 819 jucundo
1835 774 1904 810 illo

257 841 426 891 quidem,
455 842 523 877 sed
550 841 686 877 eodem
713 851 876 889 propter
901 844 1113 879 multarum
1140 856 1269 879 rerum
1298 842 1543 879 difficultates
1569 842 1758 889 impedito
1775 842 1906 878 labore

257 911 401 947 versari
427 909 527 945 velle
554 909 695 952 videar,
724 922 958 959 quamquam
985 911 1216 948 haberemus
1243 911 1431 960 profectO,
1460 923 1574 959 quare
1607 910 1729 946 literis
1765 910 1905 946 nostris

257 979 552 1029 gratularemur,
592 978 624 1012 si
658 977 888 1013 eruditiores
921 980 995 1014 viri
1032 989 1072 1015 et
1106 981 1152 1015 ab
1186 980 1332 1029 ingenii
1367 980 1485 1027 copiis
1513 979 1778 1014 instructiores
1806 979 1906 1013 hanc

258 1057 413 1095 operam
447 1046 598 1093 imponi
630 1045 704 1081 sibi
737 1055 1169 1099 paterenturk-tamen,
1209 1049 1395 1083 invitante
1424 1048 1641 1090 occasione,
1680 1047 1763 1094 ipse
1790 1048 1907 1082 etiam

258 1126 414 1157 eorum,
449 1125 546 1162 quae
573 1125 657 1149 eam
684 1113 726 1149 in
751 1126 836 1150 rem
864 1115 1024 1151 collecta
1052 1114 1199 1157 habeo,
1231 1115 1460 1163 particulam
1493 1114 1662 1163 aliquam
1688 1113 1907 1161 speciminis

257 1183 346 1218 loco
374 1182 543 1217 delibare
569 1182 853 1229 doctorumque
879 1183 1085 1219 hominum
1109 1182 1260 1228 judiciis
1286 1182 1461 1218 modeste
1487 1181 1675 1228 subjice-re
1700 1181 1802 1228 apud
1828 1181 1908 1216 ani·

258 1260 370 1286 mum
403 1248 596 1284 constitui.
649 1253 698 1284 Et
733 1262 822 1285 cum
858 1250 1029 1286 comicae
1062 1251 1230 1286 maxime
1262 1250 1414 1297 poesios
1441 1249 1706 1299 cognitionem
1731 1259 1908 1284 mancam

260 1325 298 1353 et
326 1315 594 1364 imperfectam
622 1329 704 1352 esse
738 1317 1031 1361 intellexissem,
1072 1318 1177 1354 haud
1209 1319 1402 1367 ingratum
1441 1329 1504 1353 me
1537 1306 1676 1353 harum
1709 1316 1909 1352 literarum

259 1384 473 1422 cultoribus
520 1384 713 1421 facturum
763 1397 842 1421 esse
889 1386 1125 1430 existimavi,
1174 1387 1207 1422 si
1260 1386 1560 1423 comicorum
1620 1395 1909 1435 graecorum

256 1454 524 1490 historiam
555 1454 686 1501 paullo
722 1455 935 1489 accuratius
972 1454 1239 1502 explicandam
1273 1455 1372 1489 mihi
1406 1466 1608 1490 sumerem.
1663 1456 1745 1501 Qua
1780 1453 1819 1487 in
1854 1463 1909 1492 re,

258 1534 310 1558 ne
337 1521 558 1568 disputandi
584 1521 745 1557 materia
772 1522 813 1556 in
840 1522 1073 1557 immensum
1100 1531 1299 1563 cresceret,
1340 1522 1441 1556 hanc
1466 1521 1566 1556 mihi
1591 1521 1716 1568 legem
1743 1519 1835 1560 dixi,
1867 1526 1911 1553 ut

258 1601 341 1625 non
376 1589 554 1623 omnium
590 1598 794 1636 poetarum
829 1588 870 1623 in
903 1590 979 1625 hoc
1011 1601 1151 1639 genere
1191 1588 1385 1624 clarorum
1424 1587 1626 1622 historiam
1666 1587 1910 1634 explicarem,

259 1656 328 1694 sed
360 1656 545 1699 exclusis,
586 1657 653 1705 qui
686 1656 858 1693 Siculam
892 1657 1142 1706 Italicamque
1188 1655 1430 1692 comoediam
1470 1655 1725 1697 illustravere,
1771 1652 1909 1702 poetis,

260 1725 562 1774 disputationem
594 1737 721 1761 meam
755 1726 796 1761 in
829 1737 906 1761 una
939 1725 1225 1773 propemodum
1266 1722 1483 1760 Atticorum
1522 1735 1633 1759 scena
1672 1721 1908 1759 cohiberem.

260 1797 303 1830 In
337 1804 416 1842 quo
451 1792 506 1828 ita
533 1802 700 1828 versatus
727 1805 832 1836 sum,
871 1802 915 1829 ut
941 1793 1183 1842 singulorum
1210 1801 1415 1841 poetarum
1441 1799 1564 1827 aetate
1589 1789 1839 1832 certioribus,
1877 1789 1911 1824 si

262 1859 347 1897 fieri
372 1860 513 1908 potuit,
539 1858 685 1897 finibus
712 1862 1010 1909 circumscripta,
1037 1875 1134 1910 quae
1161 1861 1278 1897 fuerit
1305 1861 1487 1909 cujusque
1512 1859 1662 1896 indoles
1688 1872 1710 1895 e
1735 1867 1910 1894 veterum

266 1927 495 1976 scriptorum
527 1928 682 1975 judiciis
718 1928 799 1965 sive
831 1929 959 1977 potius
994 1928 1147 1965 indiciis
1180 1928 1435 1977 probabiliter
1460 1927 1663 1971 declarare,
1695 1924 1909 1974 deperdita-

264 2008 430 2044 rumque
456 1995 671 2034 fabularum
699 2006 934 2047 argumenta,
968 1996 1038 2032 ubi
1066 1997 1224 2045 quidem
1250 1997 1293 2032 id
1319 2006 1404 2033 tuto
1439 1995 1525 2032 fieri
1558 2008 1670 2044 posse
1702 1994 1910 2035 videretur,

263 2063 449 2113 indagare
479 2063 709 2109 studuerim,
748 2065 1008 2114 copiosiorem
1042 2065 1161 2100 totius
1197 2065 1253 2100 rei
1289 2064 1620 2112 explanationem,
1658 2063 1692 2100 si
1723 2074 1792 2111 per
1816 2060 1911 2097 novi

261 2132 436 2170 muneris
462 2132 611 2169 labores
636 2134 801 2180 licuerit,
836 2134 913 2171 alio
939 2142 1115 2182 tempore
1139 2133 1417 2182 propositurus·
