2155 2624
1038 66 1112 113 20

247 162 341 195 ποιεῖ
362 177 417 185 -
443 157 526 195 ἀλλ’
552 155 676 197 οἱπλῶς
701 158 764 193 καὶ
788 157 885 194 κατοὶ
908 156 966 200 τήν
998 160 1185 209 παςοιμίαν
1217 158 1329 210 ’γυμνῇ
1355 159 1502 212 κεφαλῇ
1533 158 1652 203 τίθησι
1690 159 1755 201 τοίς
1788 158 1905 206 βλασ-

252 230 393 275 φημίας
424 224 522 262 κατεῖ
551 224 614 261 τῶν
646 223 920 274 ἁμαρτανόντων.
975 229 1080 275 Quae
1112 238 1173 262 res
1207 227 1333 262 movit
1367 227 1525 264 fortasse
1551 231 1735 272 Persium,
1762 239 1806 264 ut
1833 241 1904 264 au-

252 295 418 332 dacem
454 293 648 330 Cratinum
682 294 889 341 appellaret
922 296 996 330 Sat.
1032 298 1070 337 1,
1109 305 1191 338 123.
1245 297 1288 329 In
1323 303 1427 329 tanta
1461 296 1706 333 conviciandi
1731 297 1905 339 libidine,

252 376 332 399 non
366 363 507 397 mirum
541 369 597 396 est
630 360 770 397 fervidi
802 362 931 397 virum
957 361 1106 410 ingenii
1132 374 1410 410 nonnunquam
1435 362 1568 409 paullo
1594 363 1764 412 iniquius
1792 365 1906 400 etiam

253 441 423 468 summos
449 429 629 465 homines
655 430 879 479 patriaeque
905 430 1181 467 amantissimos
1206 442 1372 474 vexasse,
1406 430 1529 467 veluti
1554 431 1752 475 Periclem,
1792 445 1907 481 quem

251 498 500 534 interneciuo
529 498 609 533 fere
638 498 730 532 odio
759 499 982 547 exagitavit3
1012 510 1244 547 quamquam
1272 498 1377 533 idem
1396 498 1597 535 Cimonem
1624 499 1818 546 praeclaro
1847 513 1907 536 or·

251 566 360 601 navit
391 565 619 613 praeconio,
660 565 853 601 Plutarch.
890 566 986 602 Cim.
1026 578 1084 602 10.
1138 567 1311 602 Poeticas
1345 566 1419 601 viri
1452 566 1612 602 virtutes
1646 568 1716 601 etsi
1745 565 1907 602 difficile

254 633 385 677 fuerit,
420 646 508 669 cum
539 633 688 668 nullam
716 632 795 679 ejus
822 633 992 670 fabulam
1019 635 1264 683 superstitem
1290 634 1510 678 habeamus,
1537 643 1643 671 certo
1669 633 1816 681 judicio
1844 633 1908 669 de-

254 700 377 744 finire,
405 701 592 736 habemus
618 709 748 736 tamen
775 701 972 737 luculenta
998 711 1176 738 veterum
1201 704 1433 750 scriptorum
1449 703 1678 744 testimonia,
1706 715 1753 737 ex
1770 700 1909 750 quibus

253 782 335 806 non
361 778 514 807 tantum
541 781 733 804 summam
760 770 906 806 Cratini
933 770 1202 807 auctoritatem
1230 779 1267 806 et
1294 771 1598 807 aestimationem
1626 770 1738 805 fuisse
1768 770 1910 805 intelli-

255 839 382 888 gimus
421 837 598 885 (Quintil.
627 840 675 879 X,
715 849 746 871 1.
773 838 914 873 Athen.
941 842 1002 873 VI.
1029 851 1067 886 p.
1097 843 1182 881 263.
1211 838 1273 885 e.),
1321 839 1388 874 sed
1415 842 1530 874 etiam
1556 838 1655 874 ratio
1683 837 1762 883 ejus
1788 837 1911 873 laudis

257 905 499 954 perspicitur.
552 907 607 940 Ac
634 916 724 940 vere
749 905 945 952 poeticam
972 906 1048 941 viri
1076 905 1191 941 fuisse
1217 906 1387 942 indolem
1407 906 1675 953 Aeschyloque
1703 906 1741 941 in
1773 905 1912 953 dispari

257 984 397 1023 genere
428 972 677 1014 simillimam,
711 971 853 1007 diserte
887 972 1007 1008 tradit
1038 976 1162 1009 Anon.
1199 974 1246 1009 de
1281 977 1387 1009 Com.
1415 985 1451 1020 p.
1479 975 1618 1008 XXIX.
1670 977 1828 1008 Beatam
1854 973 1912 1007 in·

256 1041 363 1089 genii
390 1051 539 1081 venam,
568 1051 642 1086 qua
669 1047 750 1074 erat
776 1039 835 1074 sui
863 1038 1109 1082 confidentia,
1137 1041 1218 1087 ipse
1245 1041 1438 1087 praedicat
1463 1041 1505 1075 in
1539 1039 1781 1074 nobilissimo
1816 1039 1912 1088 frag-

257 1116 391 1144 mento
419 1106 520 1156 apud
547 1107 674 1142 Schol.
702 1106 816 1142 Arist.
843 1110 939 1156 Equ.
969 1118 1055 1152 523.
1091 1116 1129 1143 et
1155 1107 1312 1144 Suidam
1340 1121 1367 1144 s.
1394 1122 1431 1143 v.
1458 1106 1609 1154 ἀφέλεια
1644 1116 1810 1142 servato:

457 1172 569 1221 ’Άναξ
589 1171 790 1216 ”Απολλον,
815 1173 880 1209 ’τᾶ-’ν
905 1173 992 1209 ἐπῶν
1017 1173 1081 1209 τῶν
1108 1172 1278 1223 ῥευμάτων

468 1238 663 1287 καναχοῧσι
687 1242 814 1288 πηγαί·
842 1234 1106 1289 ὃωδεκοίκξουνον
1132 1239 1175 1276 τό
1200 1239 1335 1288 στόμα,

464 1306 612 1348 Ἰλισσές
638 1308 670 1344 ἐν
696 1305 867 1356 φάρυγγι·
893 1309 933 1344 τί
952 1303 992 1343 ὀὶν
1019 1308 1153 1354 εἴποιμί
1174 1322 1247 1352 σοις

468 1377 497 1412 εἰ
522 1374 572 1423 μνῖ
598 1374 669 1426 ’γοδς
698 1373 853 1422 ἔπιβύσει
879 1388 930 1416 τις
955 1373 1064 1411 αὐτοῦ’
1088 1373 1130 1412 τό
1155 1373 1285 1423 στόμα,

468 1443 616 1481 ἅπαντα
641 1443 757 1481 ταῦτα
783 1442 999 1480 κατακλύσει
1026 1442 1221 1491 ποιήμασιν.

262 1516 321 1549 Ita
353 1512 457 1548 enim
488 1513 656 1548 correxit
691 1512 903 1548 secundum
936 1525 1089 1548 versum
1123 1511 1315 1561 Reisigius
1348 1511 1389 1546 in
1428 1510 1701 1556 Coniectaneis.
1767 1509 1917 1558 Rapido

264 1580 427 1617 torrenti
455 1581 585 1617 omnia
612 1593 742 1617 secum
769 1580 957 1617 auferenti
983 1576 1178 1629 praeclara
1205 1580 1376 1628 imagine
1403 1591 1492 1615 eum
1512 1588 1708 1626 comparat
1722 1578 1916 1626 Aristoph.

261 1652 359 1698 Equ.
394 1658 481 1694 525.
515 1660 596 1698 sqq.
633 1648 870 1699 dignumque
904 1648 1000 1685 dicit
1024 1657 1185 1697 propter
1210 1654 1423 1695 reportatas
1452 1646 1547 1682 olim
1573 1646 1754 1682 victorias
1782 1645 1848 1695 qui
1874 1645 1917 1681 in

261 1719 452 1764 Prytaneo
486 1716 596 1753 bibat
629 1725 668 1752 et
699 1717 907 1767 unguentis
939 1716 1132 1753 delibutus
1166 1714 1448 1761 Dionysiorum
1468 1714 1712 1762 ,spectaculis
1751 1714 1914 1750 intersit.

263 1785 399 1821 Dictio
435 1783 514 1830 ejus
546 1792 749 1831 troporum
783 1784 994 1820 luminibus
1022 1784 1201 1833 frequens
1229 1781 1440 1829 (Platonius
1462 1778 1490 1817 'l.
1517 1781 1543 1817 l.
1569 1779 1682 1821 πολῦς
1705 1779 1765 1823 τῆς
1789 1779 1919 1832 τροπῆς

265 1848 440 1899 τυγχάνει,
455 1851 526 1887 ubi
541 1852 675 1887 malim
691 1850 843 1898 πολλῆς)
860 1861 899 1887 et
915 1852 1038 1898 lyrico
1055 1850 1224 1899 quodam
1239 1850 1369 1885 colore
1385 1850 1516 1893 tincta,
1532 1850 1697 1885 maxime
1714 1850 1753 1885 in
1769 1850 1917 1885 melicis

269 1918 483 1956 fabularum
497 1919 684 1969 partibus,
713 1931 811 1967 quae
825 1918 1148 1964 dithyrambicam
1164 1917 1360 1954 audaciam
1375 1917 1579 1965 spirabant,
1601 1917 1819 1964 Hesychius
1837 1931 1863 1954 s.
1879 1932 1915 1954 V.

268 1989 509 2038 πυςπεςέγχει,
535 2000 767 2037 summoque
791 1987 967 2023 omnium
993 1986 1121 2023 studio
1149 1985 1436 2035 expetebantur,
1462 1986 1655 2035 Aristoph.
1682 1990 1777 2035 Equ.
1806 1990 1891 2032 526.

422 2049 509 2091 οἷσαι
542 2054 566 2092 δ’
599 2056 661 2092 οὐκ
695 2050 732 2098 ἦν
766 2057 797 2092 ἐν
831 2057 1037 2101 συμποσίοις
1067 2053 1159 2096 πλήν
1190 2057 1327 2103 Δωροῖ
1356 2050 1639 2098 συκοπέδιλε,

424 2125 487 2160 καὶ
509 2124 701 2166 τέκτονες
734 2120 1003 2171 εὐπαλάμων
1029 2121 1219 2171 ὕμνων),
1250 2120 1355 2164 οὕτως
1377 2118 1523 2166 ἤνθησεν
1548 2122 1679 2163 ἐκεῖνος.

307 2275 340 2314 “)
360 2276 478 2307 Locum
502 2286 537 2307 ex
556 2274 842 2306 Eumenidibus
865 2273 983 2306 Cratini
1003 2276 1135 2318 petitum
1154 2286 1221 2309 esse
1240 2275 1359 2307 notavit
1378 2274 1576 2306 scholiastes.
1615 2274 1741 2304 Frustra
1766 2271 1920 2304 Fabriciu-
