2155 2624
1025 54 1098 110 59

592 139 637 182 ὥς
660 154 708 178 av
733 140 791 179 τίν’
817 138 914 180 ἔλθω
941 135 1029 185 δῆτά
1053 156 1106 180 σοι
1131 155 1196 180 των
1220 138 1393 191 μάντεων,

589 207 733 260 πότερος
767 208 909 257 ἀμείνων
934 209 1139 260 ἀμφοτέρων
1165 206 1186 252 ἦ
1212 204 1411 255 Στιλβίδης.

235 280 416 318 Stilbides
441 287 544 316 vates
570 279 833 316 nobilissimus
860 288 900 316 et
924 279 1061 316 Niciae
1087 278 1296 323 familiaris,
1322 289 1367 316 ut
1393 291 1415 316 e
1440 278 1634 316 Plutarchi
1661 255 1889 332 naffltione}

233 349 308 385 Vit.
341 346 428 385 Nic.
465 359 524 393 25.
557 347 812 397 probabiliter
839 344 1003 399 efficias²
1030 360 1254 396 supremum
1281 348 1385 383 diem
1412 346 1512 384 obiit
1538 347 1689 395 Olymp.
1716 332 1862 391 Χόἱ.3

235 415 340 465 quod
373 427 492 465 quum
525 416 565 452 in
599 416 680 464 ipsa
713 416 843 451 Sicilia
876 417 1068 458 evenerit,
1107 429 1185 464 quo
1221 416 1286 451 ille
1321 428 1398 451 una
1433 427 1524 452 cum
1548 414 1659 451 Nicia
1683 413 1879 463 profectus

234 493 325 528 erat,
359 484 538 521 Stilbides
566 493 695 520 autem
720 484 762 520 in
788 485 988 533 Eupolidis
1013 485 1103 521 loco
1129 484 1183 521 ita
1211 491 1548 527 commemoretur,
1583 491 1628 518 ut
1653 490 1737 519 tum
1761 481 1877 519 Athe·

233 553 289 589 nis
322 552 436 589 fuisse
469 552 657 597 videatur,
688 554 755 588 vix
789 553 957 589 dubitari
990 562 1127 600 potest,
1163 554 1256 602 quin
1291 553 1418 589 fabula
1444 561 1575 589 nostra
1601 560 1686 587 ante
1712 551 1877 587 Siculam

233 621 520 669 expeditionem
554 621 593 657 h.
628 634 659 657 e.
694 622 846 668 Olymp.
874 623 1099 657 LXXXVII.
1135 622 1197 657 vel
1228 624 1439 658 LXXXIX.
1472 621 1515 657 in
1551 628 1739 656 certamen
1772 630 1875 655 com-

231 689 343 726 missa
369 688 496 725 fuerit.

332 758 406 793 Sed
439 769 536 805 quae
572 756 735 792 dicenda
768 765 913 792 restant
948 756 995 792 de
1025 757 1217 805 Eupolide
1251 757 1406 806 ejusque
1448 755 1606 799 fabulis,
1647 766 1874 805 quamquam

231 826 446 862 uberrimos
474 825 692 861 fructuosae
726 824 995 873 disputationis
1030 825 1156 862 fontes
1192 826 1411 870 continent,
1445 834 1592 867 tamen,
1628 837 1676 860 ne
1709 824 1749 859 in
1773 823 1873 869 justo

230 892 417 941 majorem
449 893 594 928 molem
627 901 815 928 accrescat
846 893 998 928 libellus
1034 895 1088 937 ei,
1123 907 1238 942 quam
1269 895 1309 928 in
1345 895 1460 928 titulo
1492 893 1624 940 posui,
1659 892 1873 927 solennitati

231 961 455 997 indicendae
491 962 712 1003 destinatus,
746 973 881 996 eorum
915 962 1208 1008 explicationem
1244 963 1284 998 in
1321 961 1425 998 aliud
1459 970 1610 1009 tempus
1644 957 1870 996 differamus.

231 1028 344 1079 Quod
369 1028 490 1080 igitur
515 1028 709 1078 reliquum
736 1035 801 1071 est,
829 1028 964 1064 Virum
985 1029 1368 1071 Excellentissimum‚
1395 1029 1708 1070 Illustrissimum,
1734 1028 1871 1075 Regiae

229 1098 426 1144 potestatis
460 1098 699 1140 Ministrum‚
732 1097 919 1133 Liberum
950 1102 1139 1133 Baronem
1175 1099 1221 1134 ab
1255 1102 1515 1140 ALTENSTE1N‚
1538 1100 1738 1134 Summum
1763 1098 1871 1132 Prae·

229 1165 373 1202 fectum
397 1165 624 1202 Provinciae
641 1164 1010 1215 Brandenburgicae,
1033 1167 1341 1201 Generossimum
1356 1166 1570 1200 Dominum
1598 1178 1617 1199 a
1645 1169 1870 1205 BAsszrrz,

229 1233 377 1269 Summi
413 1235 571 1268 Senatus
604 1246 733 1268 rerum
760 1245 950 1268 sacrarum
986 1242 1023 1268 et
1056 1234 1366 1269 scholasticarum
1394 1246 1525 1269 curam
1552 1234 1716 1281 gerentis
1743 1232 1868 1268 Consi-

225 1300 357 1338 liarios
392 1302 658 1349 Amplissimos
690 1300 981 1345 Illustrissimos,
1021 1300 1195 1349 Synedrii
1232 1302 1328 1338 sacri
1367 1301 1408 1336 in
1444 1301 1646 1337 Provincia
1684 1299 1870 1337 Branden-

231 1369 387 1418 burgica
420 1368 667 1405 Consiliarios
701 1383 850 1406 summe
876 1370 1117 1412 reverendos,
1152 1370 1317 1418 denique
1344 1383 1477 1406 onmes
1504 1372 1720 1419 quicunque
1743 1370 1870 1405 litera·

228 1450 315 1473 rum
348 1437 483 1474 studiis
517 1447 556 1474 et
586 1438 749 1475 Illustris
784 1438 980 1485 Gymnasii
1005 1438 1233 1479 Joachimici
1260 1437 1372 1474 rebus
1400 1437 1546 1481 favent,
1595 1450 1637 1474 ea
1664 1449 1734 1486 qua
1762 1437 1870 1472 decet

228 1506 441 1541 reverentia
474 1514 513 1541 et
545 1506 688 1553 pietate
716 1519 941 1555 quaesumus
969 1516 1008 1542 et
1032 1519 1230 1556 rogamus,
1257 1516 1301 1541 ut
1326 1507 1538 1555 frequentia
1565 1520 1630 1542 sua
1654 1505 1870 1542 solennitati

229 1586 342 1622 supra
383 1584 707 1610 commemoratae
748 1574 863 1611 decus
903 1584 942 1611 et
973 1575 1165 1612 honorem
1198 1575 1336 1612 addere
1368 1588 1418 1612 ne
1451 1575 1709 1626 dedignentur.
1747 1571 1868 1609 Scrib.

230 1641 265 1677 d.
295 1651 353 1684 28.
381 1654 432 1677 m.
460 1643 562 1678 Iunii
589 1655 619 1679 a.
640 1645 951 1680 MDCCCXXVI.
