2155 2624
1034 118 1105 164 50

240 220 318 257 quo
346 219 484 244 eorum
509 207 581 242 hos
607 217 735 241 versus
764 204 810 240 ab
839 204 979 241 eodem
1004 206 1193 253 Harpocr.
1221 218 1249 242 s.
1277 220 1313 244 v.
1340 204 1527 257 καθάρσια,
1552 221 1590 258 p.
1619 212 1702 254 264.
1729 217 1897 245 servatos

241 287 359 326 poeta
382 274 575 326 posuerit:

547 338 583 378 ὃν
610 340 695 390 χρῆν
722 342 754 377 ἕν
780 354 818 378 τε
845 345 923 381 ταῖς·
950 335 1092 392 τξιόδοις
1118 340 1183 377 κάν
1209 344 1280 382 τοῖς
1305 339 1507 392 ὁξυθυμίοις

547 408 797 460 ’προστρόπαιον
822 409 883 450 τῆς
908 408 1043 449 πόλεως
1070 407 1240 446 καίεσθαι
1267 407 1463 460 τετριγότες.

238 483 294 516 Ita
321 478 426 515 enim
453 478 549 514 haec
576 478 797 513 emendavit
822 480 1014 513 Porsonus
1041 478 1138 513 Adv.
1166 490 1203 524 p.
1234 489 1317 522 253.
1367 477 1546 513 Indidem
1573 478 1668 514 haec
1696 479 1811 516 ducta
1838 493 1896 515 su·

238 546 367 595 spicor
400 545 503 594 apud
538 546 685 581 Villois.
719 546 862 582 Anecd.
890 549 936 581 ΙΙ.
971 557 1007 593 p.
1038 554 1098 588 83.
1133 547 1195 580 xxa*
1220 547 1370 593 λέγουσί
1393 558 1436 593 ’γε
1463 543 1526 581 Tu*
1550 542 1712 595 μειράκια
1738 544 1898 596 'argere-702

241 626 331 661 μενοι
354 617 425 653 τοῖς
451 608 615 661 ἀνδράσιν,
644 625 740 661 quae
769 614 911 648 omisso
940 614 1091 648 fabulae
1117 614 1231 648 titulo
1259 611 1481 649 afferuntur.
1515 617 1651 662 Neque
1677 613 1753 659 jam
1780 616 1900 650 ambi-

240 695 361 733 guum
389 690 456 725 est,
493 693 570 729 quo
598 694 712 718 sensu
740 681 842 717 dicta
871 681 1014 718 fuerint
1039 681 1156 717 verba
1183 679 1231 728 μή
1256 677 1352 717 ’παιδὶ
1376 679 1425 717 τοὶ
1450 680 1553 724 κοινά,
1588 682 1689 730 apud
1715 683 1899 718 Photium

240 760 279 787 et
312 749 470 786 Suidam
505 758 662 785 servata.
718 749 944 796 Cuiusmodi
978 746 1101 790 παῖδες
1134 753 1205 790 τοῖς
1238 753 1354 790 κοινοῖς
1386 747 1574 797 ἐπιθέμενοι
1608 750 1714 786 fuere
1748 750 1896 798 Hippo-

198 863 200 865 >
241 818 355 855 cratis
387 816 482 860 filii,
523 818 749 866 Telesippus
785 827 823 853 et
856 819 1115 866 Demophon,
1157 818 1399 854 acerbissime
1426 819 1544 854 taxati
1570 819 1610 854 in
1636 818 1769 867 fragm.
1799 818 1899 866 apud

241 885 403 924 Suidam
438 889 483 922 Τ.
520 889 585 922 111.
621 898 658 934 p.
694 895 780 930 514.
809 886 937 922 Schol.
964 886 1079 923 Arist.
1107 885 1210 922 Nub.
1241 898 1339 930 999„
1368 895 1405 921 et
1432 889 1698 923 Demostratus
1725 884 1901 936 Βευζύγης

243 954 475 1004 cognomine
503 954 641 996 dictus,
668 954 823 989 Aristid.
852 957 895 989 T.
923 957 987 989 111.
1015 966 1052 1000 p.
1079 964 1162 997 215.
1193 966 1223 988 c.
1253 962 1291 987 et
1317 954 1444 988 Schol.
1473 954 1667 1002 Aristoph.
1695 958 1783 1000 Lys.
1815 964 1897 998 598.

241 1022 451 1060 Salsissimo
480 1021 643 1058 dicterio
670 1021 978 1071 perstringuntur
1011 1021 1282 1069 imperatores,
1314 1022 1546 1070 Laespodias
1574 1031 1611 1058 et
1637 1023 1831 1059 Damasias
1859 1023 1898 1059 in

240 1091 412 1127 versibus
441 1089 542 1137 apud
569 1089 696 1125 Schol.
724 1089 838 1125 Arist.
864 1093 934 1125 Av.
966 1092 1075 1132 1568.

545 1152 626 1194 ταδὶ
652 1143 702 1193 ‘rx‘
728 1150 844 1206 δένδρα
869 1151 1090 1197 Λαισποδίας
1116 1157 1177 1192 κα)
1202 1158 1397 1203 Δαμασίας

548 1224 692 1260 αὐταῖσι
717 1228 795 1263 ταῖς
820 1222 994 1270 κνήμαισιν
1021 1221 1267 1259 ἀκολουθοῧσί
1290 1236 1358 1268 μοι,

242 1293 290 1328 ad
326 1305 422 1341 quae
455 1292 613 1339 respicit
647 1291 841 1338 Eunapius
874 1290 1009 1326 Liban.
1036 1302 1073 1337 p.
1103 1302 1161 1334 99.
1197 1289 1266 1325 ubi
1292 1289 1381 1325 vide
1406 1289 1697 1334 Boissonadum,
1725 1290 1785 1326 cll.
1812 1290 1898 1327 Plu-

241 1360 362 1396 tarch.
399 1362 529 1406 Symp.
558 1362 639 1401 VII,
668 1368 700 1400 8.
727 1371 765 1406 p.
796 1371 880 1401 712.
908 1356 952 1393 A.

340 1431 400 1464 Ex
434 1439 476 1463 ea
513 1426 664 1462 fabulae
695 1435 821 1474 parte,
855 1426 897 1461 in
932 1437 1006 1473 qua
1038 1424 1300 1461 emendandae
1332 1424 1569 1473 reipublicae
1602 1434 1640 1461 et
1673 1426 1898 1463 melioribus

240 1496 389 1547 legibus
415 1495 610 1545 regundae
638 1495 797 1531 consilia
825 1494 921 1530 inita
948 1506 1027 1530 esse
1053 1492 1243 1536 videntur,
1269 1505 1348 1529 non
1374 1494 1518 1542 inepte,
1540 1503 1583 1530 ut
1609 1494 1789 1543 equidem
1816 1497 1899 1544 opi-

241 1577 327 1608 nor,
354 1565 458 1601 hunc
484 1577 639 1600 versum
665 1564 831 1611 petitum
859 1575 939 1598 esse
965 1562 1187 1609 suspiceris:

653 1628 984 1677 Ἀναβλυστανῆσαι
1010 1631 1072 1664 καὶ
1096 1627 1254 1676 χλοῆσαι
1279 1626 1338 1669 τήν
1364 1625 1473 1672 πόλιν,

244 1703 370 1748 Quem
406 1711 486 1735 non
514 1699 648 1736 addito
675 1698 827 1734 fabulae
852 1698 1001 1734 indicio
1029 1697 1194 1732 servavit
1219 1700 1347 1742 Etym.
1374 1698 1432 1731 M.
1459 1707 1496 1742 p.
1527 1706 1612 1738 200,
1640 1706 1701 1739 50.
1739 1700 1791 1733 At
1816 1699 1898 1734 Sui-

244 1765 311 1803 das
338 1779 366 1802 s.
394 1780 429 1802 v.
459 1764 787 1812 οἰναβλυστανῆσαι,
824 1764 867 1802 ‘ro‘
900 1762 1113 1811 ἀναβλύσαι.
1165 1761 1319 1803 Εὔπολις
1353 1760 1489 1810 Δήμεις.
1543 1762 1617 1799 Cfr.
1653 1765 1823 1801 Eustath.
1852 1766 1899 1803 ad

243 1834 350 1872 Iliad.
388 1846 415 1883 ξ.
450 1847 487 1882 p.
527 1846 634 1879 1095.
668 1838 782 1871 Rom.
817 1834 996 1881 Denique
1030 1832 1072 1868 in
1099 1831 1178 1867 sine
1207 1831 1369 1874 fabulae,
1404 1832 1568 1867 heroum
1594 1832 1743 1881 umbris
1769 1833 1816 1870 ad
1842 1835 1899 1870 in-

246 1903 348 1941 feros
375 1902 640 1945 redeuntibus,
667 1902 785 1938 hosce
811 1913 940 1937 versus
967 1901 1098 1936 locum
1125 1898 1303 1935 habuisse
1330 1898 1527 1945 conjicias:

345 1968 547 2017 Ἀναθῶμεν
574 1969 627 2005 νῦν
652 1968 780 2016 χήμεῖς
804 1967 932 2008 τούτοις
957 1963 1061 2005 τασδὶ
1086 1967 1154 2008 τοίς
1179 1965 1366 2017 εἰρεσιώναις

347 2041 409 2075 καὶ
434 2035 718 2087 πξοσαγήλωμεν
754 2034 973 2076 ἐπελθόντες·
999 2056 1052 2063 -
1076 2038 1217 2085 χαίρετε
1251 2032 1387 2075 πάντες.
1414 2054 1467 2062 --
1500 2028 1720 2083 &eximo-Soc.

250 2108 353 2155 Quae
387 2107 551 2143 servavit
584 2106 720 2143 Suidas
757 2118 784 2141 s.
822 2118 858 2140 v.
892 2102 1029 2152 α”γῆλαι
1062 2113 1100 2140 et
1134 2107 1227 2140 Lex.
1262 2106 1413 2154 Seguer.
1441 2107 1470 2140 I.
1496 2116 1532 2153 p.
1561 2113 1645 2150 528.
1674 2104 1900 2142 emendante

249 2176 420 2210 Porsono
455 2174 557 2223 apud
590 2174 703 2211 Gaisf.
733 2173 782 2210 ad
807 2173 938 2221 Heph.
970 2184 1005 2220 p.
1036 2182 1119 2216 278.
1171 2175 1230 2209 De
1258 2181 1443 2221 tempore,
1471 2185 1549 2221 quo
1576 2182 1658 2209 acta
1684 2174 1733 2210 sit
1759 2173 1900 2217 fabula,

247 2241 352 2278 nihil
386 2240 528 2287 habeo,
565 2243 669 2291 quod
702 2255 774 2291 pro
802 2250 911 2278 certo
939 2238 1106 2277 afferam.
1159 2240 1209 2277 At
1241 2253 1329 2277 cum
1356 2244 1645 2285 Demostratus,
1679 2253 1794 2290 quem
1827 2241 1900 2277 hac

247 2309 376 2346 fabula
404 2310 665 2358 perstrinxisse
680 2311 848 2359 Eupolin
875 2310 1054 2353 vidimus,
1082 2322 1178 2346 unus
1206 2310 1382 2346 omnium
1408 2310 1575 2346 maxime
1594 2309 1761 2346 Siculam
1788 2320 1898 2356 expe-
