2155 2624
1040 47 1110 108 14

243 146 435 194 Hesychii
467 145 574 182 locus
606 151 766 191 spectat:
803 142 955 192 Χοιξίλον
980 137 1217 189 Ἐκφοιντίδος.
1244 144 1415 191 Κρατῖνος·
1446 141 1504 180 τὸν
1527 138 1760 191 Ἐκφαντίδος.
1794 145 1897 188 οὕτως

245 214 340 253 εἶπεν
366 212 467 251 adrev
491 211 549 251 τᾶν
573 212 733 261 Χοιρίλον.
762 211 810 247 de
836 223 914 259 quo
941 224 1011 247 suo
1037 223 1148 247 more
1171 211 1249 246 hoc
1276 219 1333 245 est
1357 211 1665 260 ingeniosissime
1692 214 1897 262 disputavit

245 284 430 322 Naekius.

349 348 578 398 Ecphantidi
613 359 757 395 suppar
791 355 912 382 aetate
945 345 1062 383 fuisse
1097 346 1250 383 videtur
1283 350 1462 385 Tomws
1495 348 1747 396 lllegarensis,
1782 364 1897 400 quem

247 433 344 458 unus
376 417 554 454 omnium
589 424 869 451 commemorat
900 416 1068 462 Etymol.
1095 417 1153 451 M.
1181 427 1218 463 p.
1248 418 1333 459 761,
1360 424 1422 459 47.
1475 411 1639 451 Τολύνιον
1667 416 1755 468 (leg.
1783 417 1888 456 Τολυ(

247 489 338 533 mov)
364 484 408 522 τό
435 482 645 532 καλούμενον
671 486 858 533 Κξοιτίνειον
884 485 1004 534 μέτξον
1030 481 1299 528 πολυσύνθετον,
1326 481 1401 519 οίπό
1425 482 1487 519 τοῧ
1513 485 1705 533 Μεγαρέως
1726 484 1896 524 Τολύνου·

245 558 318 593 ἔστι
338 550 373 592 δὲ
398 556 661 604 προγενέστερος
682 554 856 602 Κρατίνου.
909 556 1057 588 Auctor
1077 553 1198 602 igitur
1224 552 1297 588 fuit
1316 553 1428 588 metri
1453 561 1585 600 postea
1601 554 1768 589 Cratinei
1789 554 1896 599 dicti,

247 625 298 662 de
324 636 402 674 quo
429 622 518 658 vide
544 620 878 668 Hephaestionem
905 628 943 655 et
969 623 1241 657 Hermannum
1268 624 1403 657 Doctr.
1430 629 1541 656 metr.
1568 633 1605 668 p.
1634 629 1719 665 582.
1774 624 1898 670 Quem

246 706 297 729 ne
330 692 432 737 justo
473 689 652 725 audacius
695 687 855 724 comicis
894 689 1020 735 poetis
1063 689 1341 731 accensuerim,
1400 700 1640 737 nequaquam
1687 690 1898 725 verendum

246 760 418 796 videtur:
447 768 682 807 quamquam
708 756 920 791 Athenisne
948 768 994 791 an
1021 757 1193 805 Megaris
1222 756 1366 792 fabulas
1395 756 1580 799 docuerit,
1613 765 1657 792 ut
1683 757 1897 805 incomper-

245 838 328 865 tum
353 828 396 864 in
422 826 555 863 medio
581 824 848 872 relinquimus.

349 899 558 944 Postquam
586 905 720 929 eorum
747 901 963 939 poetarum,
998 893 1064 940 qui
1092 893 1197 941 quasi
1225 904 1487 940 praecursores
1514 892 1671 941 quidam
1698 906 1809 930 verae
1836 907 1898 930 co-

247 964 425 1001 moediae
453 961 597 998 censeri
625 960 780 1002 debent,
809 960 1015 995 historiam
1043 960 1317 1003 enarravimus,
1350 959 1523 1007 sequitur
1548 968 1593 995 ut
1618 961 1773 997 alteram
1802 963 1898 997 anti-

247 1045 345 1081 quae
389 1030 613 1066 comoediae
650 1037 815 1063 aetatem
853 1028 989 1062 multis
1030 1028 1255 1076 magnisque
1292 1036 1495 1075 poetarum
1527 1028 1753 1063 nominibus
1786 1030 1897 1064 nobi-

245 1102 393 1136 litatam
420 1099 667 1133 illustremus.
715 1094 805 1141 Ejus
834 1095 1013 1142 princeps
1041 1104 1079 1130 et
1106 1096 1212 1143 quasi
1239 1095 1505 1143 antesignanus
1533 1096 1662 1132 extitit
1692 1099 1897 1140 Cau-mus,

248 1169 295 1205 de
322 1167 430 1212 cuius
458 1165 644 1201 natalium
670 1164 733 1198 vel
760 1162 889 1197 obitus
916 1172 1091 1209 tempore
1119 1163 1189 1197 etsi
1215 1163 1344 1197 nullus
1371 1170 1545 1198 veterum
1572 1162 1712 1198 diserte
1728 1162 1898 1206 tradidit,

247 1245 457 1282 utrumque
490 1240 619 1267 tamen
654 1230 707 1264 ita
744 1228 791 1264 ad
824 1228 1016 1276 liquidum
1049 1228 1209 1276 perduci
1241 1236 1380 1276 potest,
1419 1237 1463 1264 ut
1488 1241 1547 1265 res
1574 1231 1640 1265 vix
1664 1230 1778 1265 unius
1805 1230 1900 1266 duo-

248 1313 386 1340 rumve
412 1311 602 1335 annorum
630 1296 854 1333 discrimine
881 1305 1025 1345 agatur.
1055 1296 1320 1332 Grandaevum
1348 1296 1488 1333 obiisse
1514 1298 1713 1334 Cratinum
1738 1306 1899 1334 testatur

245 1379 394 1420 praeter
428 1368 521 1403 alios
556 1366 749 1402 Lucianus
783 1363 958 1399 Macrob.
995 1375 1053 1408 25.
1088 1367 1131 1400 T.
1158 1368 1222 1400 ΙΙΙ.
1260 1377 1295 1413 p.
1324 1377 1410 1408 227.
1437 1364 1495 1401 ed.
1535 1369 1687 1403 Wettst.
1716 1367 1781 1414 qui
1810 1379 1900 1402 eum

245 1448 391 1487 septem
419 1445 458 1472 et
484 1434 690 1483 nonaginta
719 1444 838 1467 annos
865 1432 1083 1480 implevisse
1109 1433 1319 1469 memoriae
1344 1432 1528 1481 prodidit.
1581 1436 1633 1470 Ut
1660 1434 1900 1481 decrepitum

247 1518 379 1544 senem
415 1513 454 1540 et
485 1502 623 1538 delirio
659 1501 921 1547 propinquum
955 1512 1045 1535 cum
1072 1500 1216 1536 risisset
1242 1513 1331 1537 eum
1358 1501 1631 1548 Aristophanes
1656 1502 1783 1549 Equit.
1813 1511 1898 1545 528.

248 1587 346 1623 quae
380 1571 527 1612 fabula,
579 1568 764 1604 Stratocle
798 1567 999 1609 archonte,
1053 1577 1134 1603 acta
1169 1577 1227 1603 est
1262 1569 1415 1614 Olymp.
1451 1571 1696 1611 LXXXVIII,
1729 1579 1778 1612 4.,
1814 1570 1899 1604 irri-

248 1651 347 1679 tatus
374 1639 566 1686 jactorum
592 1637 633 1672 in
661 1648 701 1671 se
728 1634 982 1671 dicteriorum
1010 1636 1245 1672 contumelia
1272 1636 1447 1672 Cratinus
1475 1635 1648 1684 sequenti
1674 1648 1773 1673 anno
1800 1636 1839 1675 h.
1866 1650 1897 1673 e.

247 1710 399 1754 Olymp.
426 1706 636 1746 LXXXIX,
674 1717 705 1739 ι.
741 1703 927 1738 archonte
959 1703 1113 1738 Isarcho
1139 1706 1283 1744 Πυτίνην
1310 1703 1479 1738 fabulam
1506 1703 1606 1738 miro
1634 1704 1811 1739 omnium
1836 1717 1899 1751 ap·

248 1777 386 1825 plausu
413 1772 558 1808 docuit.
612 1771 687 1807 Sed
713 1770 787 1806 fuit
812 1770 878 1806 hic
905 1778 1099 1806 extremus
1126 1771 1427 1820 ingeniosissimi
1453 1770 1553 1807 senis
1585 1770 1706 1816 labor,
1739 1779 1899 1808 testante

251 1843 436 1884 Luciano,
465 1840 533 1889 qui
561 1851 650 1875 cum
676 1839 776 1874 hanc
803 1837 972 1873 fabulam
999 1850 1089 1873 eum
1115 1837 1202 1888 ’πςός
1226 1837 1276 1884 τῷ
1301 1840 1390 1874 τέλει
1423 1837 1486 1874 τοῦ
1517 1836 1597 1884 βίου
1633 1838 1808 1876 docuisse
1842 1838 1898 1876 di-

254 1920 326 1952 cat,
351 1908 552 1957 probabile
579 1916 638 1943 est
665 1906 804 1942 obiisse
830 1914 986 1953 poetam
1013 1915 1189 1942 nostrum
1204 1906 1357 1954 Olymp.
1373 1907 1582 1951 LXXXIX,
1619 1922 1651 1944 2.
1678 1907 1780 1944 unde
1807 1920 1898 1944 con-

251 1978 384 2017 ficitur
425 1977 565 2012 natales
607 1974 687 2020 ejus
728 1973 900 2009 incidere
933 1974 975 2009 in
1011 1974 1163 2020 Olymp.
1187 1977 1318 2017 LXV,
1359 1988 1388 2010 1.
1425 1975 1579 2024 fallique
1612 1976 1739 2012 Schol.
1783 1977 1896 2012 Arist.

253 2049 323 2083 Av.
343 2056 441 2088 521„
469 2043 533 2090 qui
561 2044 760 2079 Cratinum
786 2042 828 2076 in
857 2041 1013 2076 Nemesi
1041 2041 1169 2076 fabula
1195 2042 1312 2090 longo
1339 2052 1426 2089 post
1451 2047 1549 2079 Aves
1577 2044 1697 2079 editas
1724 2052 1898 2090 tempore

252 2115 293 2151 h.
332 2125 364 2148 e.
399 2118 487 2158 post
522 2110 670 2158 Olymp.
707 2112 802 2146 XCI.
835 2122 866 2144 ι.
894 2109 1104 2157 Lamponis
1132 2119 1175 2145 ut
1201 2110 1279 2146 vivi
1307 2111 1546 2160 vigentisque
1573 2112 1814 2147 mentionem
1840 2111 1897 2145 in-

251 2182 388 2228 jecisse
416 2177 570 2223 scribit3
600 2178 703 2225 quod
730 2177 974 2213 falsissimum
1001 2190 1081 2213 esse
1105 2179 1166 2213 vel
1189 2190 1236 2214 ex
1260 2191 1305 2214 eo
1327 2180 1566 2227 intelligitur,
1595 2180 1698 2228 quod
1722 2177 1898 2214 Nemesis

253 2249 382 2285 fabula
408 2254 498 2294 post
524 2245 678 2281 Periclis
706 2245 856 2282 obitum
883 2246 1017 2283 doceri
1044 2246 1110 2282 vix
1134 2246 1274 2294 potuit.
1301 2249 1344 2282 V.
1372 2247 1564 2284 Plutarch.
1591 2247 1711 2283 Peric.
1740 2255 1774 2289 3.
1818 2249 1898 2283 Nc>
