2155 2624
1025 136 1106 203 46

240 235 294 285 μσί
323 232 622 294 τῆν.οἱμυγδαλῆν
652 235 754 284 apud
789 235 1058 272 Herodianum
1090 248 1130 272 π.
1164 235 1324 287 μονῆςους
1355 236 1430 288 λέξ.
1463 252 1501 288 p.
1529 243 1563 276 6.
1598 240 1760 290 denique
1791 238 1895 286 αἰβοῖ

241 315 282 344 et
317 304 437 350 σαβαῗ
467 317 524 353 ap.
560 309 615 340 Io.
650 305 854 341 Alexandr.
891 305 939 340 de
973 317 1049 340 acc.
1077 317 1114 352 p.
1145 309 1204 350 36,
1236 309 1292 341 ιδ.
1345 307 1577 345 Lotionibus
1605 311 1636 345 si
1662 322 1748 345 usos
1776 310 1891 345 fuisse

240 378 376 422 Baptas
402 373 595 422 ponimus,
622 371 700 420 jam
727 373 844 409 etiam
872 373 1044 423 argutior
1070 373 1353 423 epigrammatis
1380 374 1573 412 Alcibiadi
1598 377 1735 415 tributi
1761 390 1889 415 sensus

239 442 449 491 apparebit,
475 443 518 478 in
546 455 623 491 quo
650 443 788 478 marini
815 442 968 485 fluctus,
997 443 1137 491 quibus
1165 456 1204 478 se
1230 443 1397 490 Eupolin
1424 443 1698 481 immersurum
1725 448 1892 482 minatur

237 509 467 555 Alcibiades,
497 521 748 560 opponuntur
773 512 833 555 iis,
861 525 956 561 quos
983 512 1065 560 ipse
1092 512 1133 548 in
1160 511 1285 547 fabula
1312 511 1523 560 Eupolidea
1550 511 1729 549 subierat.
1755 519 1891 564 Neque

238 580 402 616 omnino
439 579 631 627 ejusmodi
654 580 899 632 ‚supplicium
935 579 982 616 ‹le
1017 581 1208 629 Eupolide
1242 589 1439 628 sumptum
1465 579 1565 630 fingi
1590 582 1789 628 potuisset,
1816 582 1891 618 nisi

234 658 411 697 peractae
432 650 474 684 in
501 649 628 684 fabula
656 651 896 685 ceremoniae
924 651 1009 685 talis
1034 649 1214 699 figmenti
1242 662 1370 685 ansam
1396 649 1670 697 praebuissent.
1696 650 1752 686 Cf.
1780 655 1890 687 Butt-

234 728 350 752 mann
384 717 409 752 l.
445 717 470 752 l.
505 728 542 766 p.
580 719 614 752 6.
651 717 718 766 qui
751 725 796 753 ut
831 716 879 753 de
913 717 1044 766 Baptis
1080 718 1245 753 similem
1274 716 1352 753 fere
1379 718 1674 765 explicationem
1702 717 1890 761 exhibuit,

233 787 288 821 ita
313 786 508 834 reliquum
535 785 687 822 fabulae
714 796 986 836 argumentum
1012 787 1143 834 paullo
1171 787 1280 822 aliter
1314 786 1563 823 adumbravit.
1615 790 1752 835 Neque
1786 787 1891 823 enim

234 854 406 902 Cotyttia
434 866 541 891 sacra
568 852 616 890 ab
643 854 835 903 Eupolide
863 854 1034 891 exhibita
1061 853 1177 890 fuisse
1204 854 1356 897 statuit,
1396 854 1462 891 sed
1488 863 1692 891 nocturnas
1718 855 1799 891 illas
1828 855 1890 891 Al-

233 923 397 959 cibiadis
433 923 589 971 ejusque
623 923 820 958 sociorum
856 923 1204 964 commissationes,
1237 923 1277 957 in
1312 923 1451 970 quibus
1485 924 1544 962 illi
1571 924 1760 959 Eleusinia
1786 934 1889 959 sacra

233 992 433 1027 scurrilem
469 991 508 1026 in
545 991 707 1026 modum
742 991 795 1025 ita
830 991 1102 1033 imitabantur,
1141 998 1185 1025 ut
1223 990 1451 1026 Theodorus
1487 991 1643 1039 quidam
1678 991 1888 1040 praeconis,

231 1059 386 1104 Polytio
422 1057 603 1099 daduchi,
641 1056 857 1093 Alcibiades
892 1058 1180 1105 hierophantae,
1217 1057 1334 1110 ceteri
1362 1057 1528 1106 denique
1554 1059 1651 1095 socii
1676 1068 1890 1105 mystarum

230 1125 405 1174 partibus
443 1125 702 1174 fungerentur.
764 1125 861 1161 Vide
894 1135 1047 1173 praeter
1079 1126 1275 1162 Plutarchi
1311 1125 1553 1162 Alcibiadem
1592 1138 1613 1162 a
1650 1130 1889 1163 Buttmanno

231 1194 430 1231 laudatum
466 1193 636 1240 ejusdem
671 1196 846 1241 Sympos.
880 1206 919 1242 p.
956 1198 1041 1230 621.
1070 1207 1102 1230 c.
1154 1198 1333 1244 Quorum
1359 1195 1566 1231 hominum
1591 1195 1783 1243 impietati
1810 1208 1887 1245 quo

232 1263 419 1309 majorem
447 1263 671 1298 conciliaret
697 1262 897 1304 invidiam,
932 1262 1099 1308 Eupolin
1128 1262 1238 1297 deam
1260 1262 1419 1297 illorum
1448 1261 1648 1311 orgiorum
1675 1262 1887 1310 praesidem

233 1335 412 1377 Cotyttus
441 1332 601 1366 nomine
631 1330 836 1377 appellasse
862 1339 977 1378 atque
1005 1330 1219 1365 Eleusiniae
1244 1330 1374 1365 Cereri
1402 1330 1635 1377 opposuisse.
1664 1331 1755 1366 Die
1781 1333 1888 1367 G6t-

232 1400 325 1442 tin,
365 1398 512 1448 inquit,
554 1397 743 1433 welche
778 1397 983 1432 solchen
1012 1397 1288 1443 Mysterien
1324 1397 1564 1434 vorstand
1598 1407 1777 1434 nannte
1803 1398 1887 1435 der

230 1466 484 1508 Komiker,
526 1478 632 1501 zum
661 1468 937 1512 Gegensatz
971 1478 1123 1515 gegen
1158 1465 1239 1501 die
1271 1467 1491 1502 attische
1516 1468 1766 1509 Demeter,
1805 1471 1886 1503 Co·

230 1545 375 1583 tytto.
430 1536 535 1583 Quae
562 1545 793 1581 quamquam
821 1533 1016 1582 ingeniosa
1044 1542 1100 1569 est
1126 1532 1366 1580 conjectura,
1401 1535 1570 1571 multum
1596 1542 1725 1570 tamen
1752 1547 1887 1571 vereor

230 1613 273 1639 ut
302 1602 513 1639 accuratius
541 1601 728 1650 pensitata
754 1599 910 1649 probari
939 1609 1061 1649 queat.
1115 1605 1215 1638 Nam
1244 1602 1274 1637 si
1302 1603 1541 1650 impietatem
1568 1601 1776 1638 Alcibiadis
1802 1613 1884 1650 per·

228 1672 416 1720 stringere
444 1672 626 1706 voluisset
642 1670 811 1717 Eupolis,
840 1670 924 1717 quis
953 1682 1032 1705 non
1060 1670 1185 1706 multo
1214 1670 1336 1717 aptius
1371 1678 1526 1717 poetam
1554 1669 1743 1706 facturum
1772 1669 1885 1706 fuisse

229 1739 369 1780 videat,
397 1739 427 1774 si
455 1751 537 1775 rem
564 1750 633 1774 suo
661 1737 820 1773 nomine
847 1737 1083 1784 appellasset,
1110 1749 1236 1785 neque
1263 1737 1371 1786 quasi
1397 1749 1467 1784 per
1491 1736 1575 1774 vela
1602 1748 1650 1772 ex
1670 1736 1883 1785 longinquo

229 1806 468 1842 ostendisset.
522 1810 605 1854 Ipsa
639 1806 821 1851 mysteria
855 1814 1055 1852 totamque
1095 1817 1226 1841 earum
1264 1804 1452 1840 rationem
1492 1814 1530 1840 et
1569 1804 1804 1840 ceremonias
1844 1805 1884 1840 in

228 1876 311 1910 istis
346 1873 599 1909 conventibus
634 1872 681 1908 ab
709 1871 907 1909 Alcibiade
940 1872 1097 1919 ejusque
1124 1871 1237 1907 sociis
1271 1871 1423 1908 scurrili
1448 1871 1666 1907 imitatione
1692 1883 1882 1919 expressas

228 1944 344 1980 fuisse
372 1943 517 1979 diserte
545 1950 703 1977 testatur
729 1940 949 1977 Andocides
977 1943 1081 1976 Orat.
1109 1939 1156 1976 de
1183 1942 1300 1986 Myst.
1327 1953 1364 1989 p.
1389 1949 1453 1984 88.
1482 1940 1600 1977 Bekk.
1654 1944 1785 1990 Itaque
1818 1941 1883 1976 vix

227 2012 393 2062 aliquam
427 2011 508 2048 vim
541 2009 768 2048 habiturum
804 2008 919 2046 fuisse
949 2007 1193 2053 crediderim,
1228 2009 1260 2046 si
1288 2011 1445 2057 Cotytto
1472 2009 1600 2047 Cereri
1626 2008 1882 2046 substituisset

229 2093 350 2130 eoque
391 2080 564 2117 criminis
602 2077 793 2115 invidiam
825 2085 976 2126 praeter
1012 2078 1215 2114 consilium
1249 2090 1361 2115 suum
1401 2079 1657 2114 imminuisset
1697 2087 1734 2114 et
1774 2079 1880 2127 quasi

231 2149 472 2184 obfuscasset.
525 2147 599 2184 Sed
628 2146 736 2184 aliud
764 2146 881 2182 etiam
908 2155 975 2189 est,
1001 2147 1109 2194 quod
1134 2148 1362 2184 Buttmanni
1390 2147 1614 2195 opinionem
1640 2149 1767 2183 minus
1793 2160 1881 2195 pro-

228 2214 398 2252 babilem
437 2212 590 2252 efficiat.
659 2214 816 2254 Scilicet
853 2214 1038 2263 expressis
1072 2223 1245 2252 veterum
1285 2222 1434 2250 constat
1474 2214 1724 2258 testimoniis,
1770 2214 1882 2248 istam

226 2284 499 2329 mysteriorum
534 2285 787 2320 violationem
819 2284 860 2319 in
892 2283 1019 2330 ipsum
1052 2283 1149 2319 illud
1176 2293 1327 2331 tempus
1353 2283 1537 2326 incidere,
1566 2296 1643 2332 quo
1671 2281 1880 2319 Athenien-

226 2351 326 2390 sium
360 2351 402 2389 in
440 2348 609 2390 Siciliam
638 2350 833 2402 expeditio
859 2348 1091 2401 [parabatur.
1144 2350 1186 2389 id
1220 2359 1277 2389 est
1309 2350 1462 2401 olymp.
1490 2352 1587 2394 XCI.
1619 2362 1651 2386 ι.
1684 2347 1878 2385 mensibu.
