2155 2624
236 143 530 182 Atheniensium
550 140 712 176 victoria
733 139 781 176 de
797 139 1109 177 Lacedaemoniis
1130 139 1176 176 ad
1194 138 1426 188 Cynossema
1443 136 1477 187 ⁷⁶)
1507 136 1678 187 (Olymp.
1695 109 1887 188 x‘c'nsffl·

235 220 427 261 reportata
454 218 519 244 aut
544 209 735 256 proelium
764 209 811 244 ad
837 212 1139 258 Aegospotamos
1172 210 1418 245 commissum
1457 208 1629 256 (Olymp.
1656 210 1790 250 XCIII,
1824 207 1878 253 4.)

237 278 486 329 significetur,
514 276 789 314 dubitari-non
816 287 954 327 potest.-
1005 279 1114 315 Prius
1147 278 1180 315 si
1214 277 1434 325 accipimus,
1469 276 1676 314 commode
1703 275 1886 325 explicari

236 355 380 395 potest,
408 346 471 393 qui
500 345 644 381 factum
670 347 737 389 sit,
776 355 830 382 ut‘
847 348 1004 394 Eupolis
1027 347 1075 382 ab
1102 347 1300 383 Alcibiade
1326 348 1367 381 in
1395 358 1499 380 mare
1525 346 1692 392 dejectus
1721 357 1804 380 esse
1830 344 1887 380 di·

239 422 414 450 ceretur..
452 417 553 448 Nam
580 414 623 448 si·
645 414 803 460 Eupolis
830 414 871 449 in
899 415 983 461 ipso
1010 415 1079 449 illo
1108 414 1156 449 ad
1183 413 1418 459 Cynossema
1441 413 1605 460 proeli0‚
1632 414 1673 448 in
1699 425 1777 461 quo
1804 423 1885 447 ma-

237 493 329 531 gnas
362 481 567 518 Alcibiadis
601 490 725 529 partes
758 481 874 517 fuisse
901 490 1062 525 constat,
1095 481 1257 523 interiit,
1291 492 1370 516 non
1404 479 1662 528 improbabile
1701 489 1755 515 est
1789 479 1886 515 exti-

237 549 337 592 tisse,
365 550 430 597 qui
456 549 498 584 id
523 550 721 585 Alcibiade
748 549 1004 592 machinante,
1039 562 1154 597 quem
1180 549 1362 596 Eupolidi
1388 549 1531 585 iratum
1557 549 1711 591 scirent,
1743 547 1885 583 factum

237 630 315 655 esse
348 617 546 654 dicerent..
585 620 708 665 Quem
744 628 953 660 rumorem,
987 617 1055 653 ubi
1081 617 1198 653 semel
1223 616 1429 661 increbuit,
1455 629 1534 653 non
1562 616 1708 652 mirum
1734 624 1791 652 est
1817 626 1886 663 po·

236 694 314 721 stea
349 685 396 720 ad
431 686 599 721 Siculam
635 684 923 731 expeditionem
951 686 1175 729 translatum
1203 699 1293 722 esse.
1345 689 1453 723 Haec
1480 686 1595 728 enim,
1621 694 1666 721 ut
1689 684 1790 721 infra
1817 683 1886 719 do-

237 754 428 796 cebimus,
467 753 645 800 proxime
678 755 886 800 Baptarum
920 753 1231 790 commissionem
1267 762 1426 803 sequuta
1454 762 1522 790 est.
1574 752 1649 789 Sed
1674 764 1812 789 vereor
1837 762 1886 787 ne

238 821 376 858 frustra
409 820 637 867 conjecturis
670 821 935 870 indulgeamus
967 823 1008 857 in
1041 835 1084 858 re
1117 836 1241 871 neque
1274 835 1345 870 per
1377 836 1416 858 se
1443 834 1579 872 magna
1606 830 1645 857 et
1670 821 1801 857 multis
1828 819 1886 855 di·

237 889 431 938 versisque
463 889 746 925 narrationibus
781 890 1009 927 obscurata..
1045 895 1147 928 Nam
1180 892 1359 928 Aelianus
1393 894 1444 928 H.
1479 894 1523 927 A.
1557 889 1645 927 Lib.
1672 892 1720 933 X,
1754 898 1815 933 41.
1850 895 1888 923 et

236 960 398 993 Tzetzes
425 956 523 992 Chil.
550 960 612 999 IV,
633 967 716 1001 243.
744 959 912 1005 Eupolin
938 959 979 993 in
994 960 1139 1007 Aegina
1166 961 1291 995 insula
1318 969 1518 995 mortuum
1547 960 1818 1006 sepultumque
1833 954 1886 1002 *ἢ

236 1025 410 1070 tradunt,
444 1025 641 1061 Pausanias
674 1035 800 1062 autem
826 1025 913 1062 Lib.
941 1029 988 1070 ΙΙ,
1017 1038 1051 1070 7.
1086 1036 1386 1063 monumentum
1412 1025 1491 1072 ejus
1518 1027 1558 1062 in
1585 1038 1677 1076 agro
1703 1022 1887 1070 Sicyonio

235 1106 275 1130 se
301 1093 442 1129 vidisse
467 1102 604 1128 narrat.
631 1097 763 1141 Itaque
788 1094 888 1129 nihil
915 1094 1010 1129 certi
1036 1103 1220 1137 tenemu5‚
1247 1096 1321 1130 nisi
1349 1095 1453 1143 quod
1476 1096 1595 1130 vitam
1615 1095 1714 1129 ultra
1730 1093 1883 1138 Olymp.

236 1163 351 1202 XCII,
390 1172 421 1194 1.
456 1159 651 1206 produxit.
703 1160 881 1194 Boessius
907 1161 1085 1207 Misc.-p.
1114 1165 1198 1205 546.
1227 1171 1266 1196 et
1291 1162 1467 1197 Petavius
1494 1163 1540 1197 ad
1566 1161 1836 1201 Themistium,
1865 1169 1885 1192 a

236 1226 474 1266 Bernhardio
493 1226 684 1263 Eratosth.
710 1238 748 1274 p.
765 1239 850 1270 229.
877 1226 1039 1270 laudati.
1064 1241 1159 1264 num
1186 1229 1349 1264 certiora
1376 1229 1585 1271 attulerint,
1613 1227 1712 1264 mihi
1739 1227 1886 1262 iucom-

236 1305 391 1346 pertnm
424 1304 500 1343 est3
540 1307 611 1331 nec
644 1295 766 1344 magis
791 1285 1076 1332 Vossiumnrt.
1103 1296 1190 1332 hist.
1218 1300 1283 1333 IX.
1319 1309 1338 1332 a
1366 1297 1539 1332 Fabricio
1566 1296 1765 1332 laudatum
1793 1306 1885 1330 con·

211 1400 213 1403 .
236 1365 365 1403 sulere
386 1363 509 1400 licuit.
536 1366 602 1400 De.
624 1362 844 1400 domesticis
869 1363 946 1399 viri
971 1363 1086 1400 rebus
1100 1363 1171 1411 ***)
1199 1365 1299 1400 nihil
1327 1365 1536 1413 quidquam
1563 1365 1772 1400 memoriae
1797 1375 1886 1410 pro·

237 1434 363 1470 ditum
397 1441 463 1475 est,
498 1432 572 1467 nisi
599 1432 704 1480 quod
730 1444 884 1467 servum·
908 1431 1045 1468 habuit
1070 1433 1299 1480 Ephialtem,
1334 1434 1412 1481 qui,
1441 1447 1530 1469 cum
1557 1434 1716 1482 aliquot·
1733 1430 1884 1468 domini

238 1501 382 1538 fabulas
415 1500 668 1547 surripuisset,
696 1499 746 1534 ab
769 1502 911 1548 Augea‚
937 1500 1136 1547 Eupolidis
1166 1513 1258 1536 cane
1284 1499 1523 1544 fidelissimo,
1556 1501 1749 1537 morsibus
1775 1509 1888 1535 neca-

237 1578 297 1605 tus
333 1577 398 1605 est.
452 1570 512 1603 V..
531 1568 711 1604 Aelianus
744 1572 783 1603 et
815 1570 974 1604 Tzetzes
1008 1569 1090 1603 1.1.-
1139 1572 1201 1605 Αο·
1222 1568 1379 1605 fortasse
1406 1569 1571 1605 isidem
1595 1569 1793 1617 Ephialtes
1820 1575 1886 1609 est,

274 1735 308 1773 ⁸)
344 1733 570 1778 Cynossematis‘
596 1736 686 1767 situm
713 1736 744 1766 in
773 1734 887 1766 nostris
910 1734 1020 1766 tabulis
1053 1735 1266 1778 geographicis
1294 1737 1371 1767 male
1400 1737 1430 1767 in
1458 1737 1561 1767 infima
1589 1735 1772 1767 Chersonesi
1802 1739 1884 1775 parte

338 1783 503 1813 indicatum
525 1793 600 1821 esse,
622 1794 639 1814 e
660 1782 843 1824 Thucydidis
864 1783 1037 1813 narratione
1058 1782 1150 1821 (VIII,
1169 1783 1251 1821 104.)
1272 1785 1374 1825 paullo
1398 1784 1555 1824 operosius
1576 1795 1665 1824 quam
1686 1780 1885 1813 necessarium

339 1835 404 1861 erat
431 1830 648 1861 demonstravit
675 1829 892 1861 eruditissimus
919 1830 1029 1871 Poppo
1057 1831 1091 1861 P.
1121 1832 1143 1861 1.
1171 1831 1240 1861 vol.
1269 1832 1297 1862 2.
1326 1843 1355 1873 p.
1386 1832 1454 1862 333.
1506 1832 1583 1861 Rem
1611 1830 1726 1871 optime
1752 1827 1887 1858 declarat

339 1876 450 1908 Strabo
471 1876 536 1906 Lib.
558 1876 638 1907 Xffl.
661 1889 689 1919 p.
711 1877 779 1908 318.
799 1877 882 1918 Lips.
902 1878 1015 1914 μεταξι)
1034 1876 1061 1907 δὲ
1090 1878 1184 1915 (inter
1203 1879 1341 1920 Abydum
1363 1885 1394 1909 et
1414 1878 1606 1914 Dardanum)
1643 1878 1658 1905 ο·
1680 1874 1781 1906 Ῥέῖιος
1808 1876 1886 1903 inri-

338 1935 402 1954 πυ
420 1922 559 1961 xcv-apale,
589 1921 702 1953 καθ”ἶι
719 1926 742 1953 ἔν
759 1925 797 1964 τῇ
812 1921 969 1964 Χεξςίνῆσᾳ
988 1924 1020 1952 τέ
1040 1927 1122 1957 Kane}
1143 1924 1223 1962 σῖμεί
1248 1928 1315 1956 ἐστι.

272 1970 327 2008 fl)
345 1971 487 2001 Fortasse
508 1970 600 2011 igitur
619 1971 778 2001 cleruchus
805 1971 867 2000 fuit·
888 1971 1097 2011 AegineticuS‚
1119 1978 1154 2003 ut
1173 1973 1401 2014 Aristophanes.
1423 1973 1458 2002 V.
1478 1970 1615 2002 Mueller-i
1634 1970 1746 2011 Aegin.
1767 1981 1798 2012 p.
1819 1966 1886 2000 184-

337 2023 371 2049 et
391 2016 494 2048 Schol.
514 2017 591 2047 Plat.
607 2017 678 2047 MS.
700 2027 747 2058 ap.
770 2017 896 2047 Seidler.
917 2016 1038 2058 Fragm.
1059 2018 1152 2050 Arist.
1173 2031 1210 2061 p.-
1227 2020 1282 2050 23.-

255 2064 327 2102 m)
347 2065 445 2095 Patris
465 2075 577 2095 nomen
599 2064 725 2094 sortasse
747 2064 854 2094 suidas
876 2064 1019 2094 servavit:
1047 2064 1179 2102 Εὖπιλις,
1200 2070 1364 2099 Σωσίπολις,
1387 2062 1516 2102 καμιιιές.
1538 2058 1618 2096 οὗτος
1647 2071 1704 2095 etc.
1727 2063 1779 2094 ubi
1800 2063 1884 2093 Kust.

339 2117 392 2142 aut
415 2112 450 2141 ὦς
474 2112 643 2146 Σωσίπολις,
670 2107 934 2140 τιυῑ;Συα-ιπέλιως
958 2110 1122 2151 legendum
1143 2113 1259 2142 suadet.
1300 2112 1438 2142 Debebnt
1468 2118 1551 2141 verte
1580 2110 1782 2142 Σωι-ιπέλιῖος.
1820 2110 1883 2139 Hac

339 2157 570 2202 opportunitate
592 2157 734 2188 invitatus
755 2167 877 2193 moneo,
899 2158 1025 2196 nequis
1041 2158 1212 2198 Sopolin
1234 2159 1355 2189 comicis
1376 2159 1492 2199 graecis
1512 2164 1670 2189 accenseat
1687 2169 1703 2187 e
1719 2159 1881 2187 (ii-ammai.

341 2219 389 2249 ap.
408 2205 500 2237 nekk.
519 2204 635 2236 Anecd.
659 2205 714 2236 Gr.
734 2205 783 2236 111‘.
805 2216 835 2246 p.
858 2203 943 2235 1192.
971 2202 1102 2236 Σάπολις
1127 2205 1179 2234 τοῦ
1197 2203 1371 2242 Σωπέλιδος,
1392 2201 1451 2234 ἴση
1472 2203 1499 2235 δε
1521 2204 1610 2242 {rope-
1630 2205 1765 2242 κυμιιοὶῖ.
1803 2200 1879 2231 Cor·

339 2254 498 2298 figendum
518 2250 640 2283 nilum
656 2255 711 2281 τοῦ·
726 2251 892 2282 ederim-c.
