2155 2624
1034 53 1110 116 45

250 154 447 205 gebantur,
472 163 599 200 neque
624 149 746 200 igitur
768 161 788 186 a
814 148 905 186 viris
932 147 1193 186 sacerdotibus
1218 147 1481 185 administrari·
1499 155 1721 197 potuerunt.
1756 149 1891 196 Quam·

250 235 364 271 quam
391 221 441 257 idv
460 232 481 255 e
507 219 644 267 Papiae
671 219 917 256 annotatione
944 218 1045 266 apud
1070 221 1334 255 Burmannum
1361 218 1409 254 ad
1434 218 1589 254 Anthol.
1618 219 1662 253 T.
1690 219 1717 252 1.
1744 228 1781 264 p.
1807 225 1894 261 435,

251 290 380 338 colligi
414 288 487 323 vix*
512 297 649 336 potest.
684 288 899 331 Gocitos,
934 287 1079 336 inquit,
1107 285 1202 322 fuit
1237 285 1729 330 dea-Atheniensium,
1758 296 1897 335 quam

251 358 390 393 solae
416 355 623 392 femi-nae
658 355 903 397 colebant,
936 367 1051 404 quae
1092 355 1357 403 psaltriam·
1387 354 1734 400 exercebant*).
1790 356 1898 402 Quae

250 438 271 461 e
298 425 505 461 Scholiasta
530 425 718 461 Iuvenalis
745 423 912 473 ipsisque
937 424 1135 460 Iuvenalis-
1153 421 1327 459 versibus
1353 421 1532 470 imperite
1567 422 1769 470 compilata
1804 434 1895 466 esse,

249 500 352 527 recte
386 493 545 527 monuit-
571 497 833 528 Buttmannus·
856 492 880 526 1.
919 504 949 526 ο.
982 504 1019 538 p.
1055 503 1088 535 5.
1127 491 1308 537 Denique
1335 490 1506 525 Struv-ius
1533 490 1616 536 ipse
1640 493 1895 536 Baptarum

250 558 404 595 nomine
436 560 596 595 Athenis
629 560 732 595 viros
766 558 969 606 insignitos
1005 557 1119 593 fuisse
1152 558 1295 600 statuit,
1332 558 1399 606 qui
1425 557 1588 593 nefanda
1614 556 1781 593 libidine
1813 569 1895 592 cor·

249 627 357 674 repti-
377 635 519 662 secreta
545 626 622 662 illa*
645 625 875 662 feminarum
911 625 1018 673 orgia
1051 625 1220 670 Cotyttia
1253 625 1507 660 imitarentur.
1568 628 1673 673 Quae
1711 625 1899 671 interpre-

249 695 346 730 tatio
389 706 519 743 quum*
550 694 679 741 ipsius·
712 692 881 729 nominis
920 693 1065 728 nullam
1101 692 1291 727 rationem
1332 692 1486 735 reddat,
1524 705 1602 728 non
1647 692 1761 728 video
1803 690 1898 740 quid

249 772 383 805 restet,
420 763 494 797 nisi
526 770 579 797 ut⁴
604 762 784 809 Eupolin,
812 773 900 797 cum
928 760 1190 808 Cotyttiorum
1218 773 1414 796 sacrorum
1442 759 1654 797 obscenam>
1671 760 1897 797 foeditatem

250 840 288 866 et
302 829 510 866 Alcibiadis
537 826 758 865 effrenat-am
784 829 988 865 libidinem
1007 828 1167 865 irridere
1193 830 1320 872 vellet,
1348 842 1429 865 rem
1455 829 1508 865 ita
1536 829 1745 865 instituisse
1769 828 1896 865 existi-

249 909 418 940 memus,
460 906 504 932 ut
540 897 725 945 quosdam
752 897 858 945 quasi
884 887 1360 942 antistites·Cotyttiorum
1387 909 1581 932 sacrorum
1608 895 1790 946 fingeret,
1832 895 1897 943 qui

250 967 456 1000 mulierum
482 964 769 1000 habituxinduti
802 965 909 1000 inter
929 965 1049 1000 varias
1077 965 1329 1008 ceremonias,
1371 965 1508 1013 quibus
1535 964 1700 1001 ridicule
1728 963 1899 1011 Cotyttia

249 1032 501 1076 imitarentur,
529 1031 644 1068 etiam
670 1031 783 1068 sacris
810 1040 1011 1068 uterentur
1036 1031 1334 1075 lotionibus,
1362 1032 1486 1081 iisque
1512 1033 1638 1080 ipsum
1655 1031 1894 1067 Alcibiadem

249 1101 452 1136 lustrarent
484 1102 763 1147 lustratumque
797 1102 1286 1143 solenniritu-initiarent,
1323 1087 1361 1136 et
1385 1110 1536 1148 peracta
1564 1102 1764 1137 initiorum
1791 1112 1896 1136 cere·

251 1167 380 1203 monia
409 1166 514 1201 omni
540 1165 735 1214 nequitiae
761 1177 898 1215 genere
925 1178 967 1202 se
990 1166 1249 1215 inquinarent.
1309 1170 1441 1215 Itaque
1475 1177 1578 1203 recte
1607 1166 1896 1215 quodammodo

252 1234 665 1270 ScholiastaJuvenalis
681 1238 818 1280 Baptas
831 1234 1031 1281 Eupolidis
1058 1236 1234 1269 molles
1261 1236 1299 1270 h.
1328 1249 1359 1270 e.
1387 1233 1565 1274 παθικεύς
1591 1236 1768 1283 appellat,
1797 1243 1898 1270 sunt-

253 1315 329 1351 que
359 1301 479 1338 iidem
511 1301 625 1349 plane
659 1312 754 1349 quos
787 1301 988 1337 semiviros
1023 1310 1136 1337 vocat
1169 1303 1357 1347 Synesius.
1410 1305 1452 1338 V.
1480 1303 1618 1351 Angeli
1644 1303 1755 1337 Polit.
1783 1302 1896 1338 Misc.

251 1373 300 1407 X.
325 1382 362 1418 p.
392 1378 491 1414 547..
528 1368 603 1405 Cfr.
632 1369 781 1405 Coelius
807 1370 935 1405 Aurel.
962 1372 1034 1412 IV,
1054 1370 1291 1414 9..molles
1326 1371 1430 1406 sive
1464 1371 1697 1406 subactos
1725 1369 1898 1406 Graeci

252 1433 522 1485 μαλθακοῦς
557 1435 650 1484 (quo
677 1436 835 1472 nomine
862 1436 1230 1472 Cratinus-fabulam
1258 1437 1466 1485 inscripsit)
1502 1439 1895 1486 appellaverunt.

252 1506 357 1542 Hinc
392 1504 735 1540 etiam1Lucianus
769 1504 863 1539 Adv.
899 1503 1047 1539 Indoct.
1083 1508 1147 1539 ΙΙΙ.
1182 1517 1233 1552 p..
1260 1518 1341 1541 122.
1376 1504 1624 1553 οἰνέγνως.τούς
1650 1503 1817 1547 Βάπτας
1859 1502 1901 1539 τέ

254 1568 370 1622 &gamo
386 1568 574 1614 &kevy-siv*
583 1567 672 1608 οὐδέν
686 1585 762 1607 -σ-ευ
787 1571 895 1607 ndns?
916 1569 1098 1616 καθίκετο,
1126 1568 1189 1608 οὐδ’
1218 1570 1433 1622 ἠρυθςῖασας
1449 1575 1617 1623 ’γνωρίσας
1633 1570 1749 1616 αὐτάς
1774 1575 1898 1608 Deam

253 1642 387 1689 ipsam,
426 1652 504 1687 quo
530 1640 650 1689 magis
678 1640 950 1687 Cotyttiorunr
966 1652 1163 1676 sacrorum
1189 1641 1419 1690 religionem
1444 1642 1486 1677 in
1513 1650 1754 1677 contemtum
1781 1639 1897 1675 addu-

256 1717 360 1744 ceret
393 1715 534 1754 poeta,.
553 1708 763 1743 meretricis
789 1708 926 1743 habitu
952 1708 993 1742 in
1021 1720 1185 1743 scenam.
1201 1708 1316 1744 fuisse
1341 1709 1613 1752 introductam,
1640 1709 1743 1744 haud
1768 1709 1898 1755 inepte

256 1788 304 1811 ex
338 1774 577 1811 Scholiastae
607 1775 654 1811 ad
680 1775 1177 1811 lavem-lemannotatione
1203 1776 1403 1821 conjiciast
1429 1776 1786 1812 inducit-viros
1811 1775 1897 1810 las-

254 1855 358 1880 sare
392 1842 669 1890 psal-triam,
706 1855 806 1891 quae
835 1844 965 1880 nescio
1000 1856 1047 1879 an
1079 1856 1160 1880 non
1193 1853 1297 1880 recte
1330 1848 1587 1881 Buttmannus
1620 1857 1641 1880 e
1667 1843 1899 1880 Scholiastae

255 1926 385 1949 errore
418 1911 572 1948 fluxisse
606 1919 756 1947 statuat.
808 1911 869 1948 Ad
902 1912 1084 1949 ridiculas
1113 1913 1201 1949 istas
1237 1914 1470 1950 ceremonias
1506 1912 1660 1948 fortasse
1685 1911 1803 1948 etiam
1832 1911 1900 1948 ob·

255 1979 590 2016 testationes-illae
616 1981 1085 2028 spectant,.quas-passim
1110 1990 1258 2017 veteres
1286 1995 1306 2017 e
1333 1982 1460 2029 Baptis
1487 1978 1665 2024 afferunt,
1699 1981 1821 2017 veluti
1847 1983 1902 2017 ναι)

256 2046 311 2094 ptri
336 2045 412 2086 τείς-
428 2045 610 2097 κςρέμβας,
626 2048 726 2096 apud
752 2048 932 2085 Priscian.
961 2048 1008 2084 de
1035 2057 1146 2085 metr.
1174 2062 1211 2097 p.
1238 2059 1324 2095 415.
1353 2058 1391 2085 et
1416 2049 1553 2085 Athen.
1583 2061 1619 2097 p.
1657 2060 1740 2095 570.
1773 2047 1812 2085 b.
1846 2050 1901 2084 ναι)

293 2212 328 2251 *)
348 2213 409 2244 Pro
431 2209 599 2244 Cocitos
621 2214 758 2257 Scaliger
778 2215 905 2258 corrigit
924 2214 1023 2259 Coty
1032 2222 1107 2253 tto;
1132 2216 1183 2247 sed
1197 2216 1447 2257 'praestat'suum
1468 2216 1746 2258 homini'imperito
1766 2225 1894 2246 errorem

357 2259 538 2300 relinquere,
551 2259 592 2290 ,iu
611 2261 698 2300 cujus
719 2263 896 2294 societatem
910 2264 1043 2295 veniunt
1063 2264 1152 2295 etiam
1175 2264 1363 2295 Scholiastae
1382 2264 1502 2295 Horatii
1523 2265 1621 2306 Epod.
1643 2263 1737 2300 XVII,
1759 2261 1805 2292 56.
