2155 2624
1045 89 1079 140 8

237 184 494 234 Epicharmus
528 185 569 220 in
604 183 730 220 Sicilia
768 181 958 219 comicam
994 189 1116 217 artem
1141 179 1219 227 jam
1246 180 1293 216 ad
1322 182 1522 219 cultiorem
1552 182 1717 220 formam
1744 185 1889 232 expoli-

238 262 359 297 verat‚
389 254 505 289 etiam
520 250 619 300 apud
631 250 780 286 Atticos
803 249 1005 286 comoedia
1032 249 1225 298 aliquanto
1253 249 1493 298 elegantiori,
1520 253 1767 301 utsuspicari
1788 253 1888 295 licet,

241 330 391 364 ornatu,
426 332 539 369 quam
575 330 653 367 quo
688 327 797 353 antea
830 318 965 353 induta
999 317 1132 359 fuerat,
1169 317 1311 352 iterum
1337 319 1514 361 surrexit,
1542 319 1647 364 cujus
1673 322 1731 357 rei
1751 321 1889 368 prima-

239 390 339 425 riam
367 398 533 423 caussam
562 398 609 422 ex
636 394 746 421 aucta
771 385 967 433 popularis
994 384 1149 432 imperii
1175 383 1353 430 libertate
1380 385 1629 433 repetendam
1656 399 1736 423 esse
1753 397 1889 436 sponte

241 454 483 503 intelligitur.
537 453 610 489 His
638 453 756 501 igitur
782 453 1045 501 proximisque
1072 451 1213 487 abhinc
1239 452 1480 499 temporibus
1507 453 1653 489 fabulas
1687 453 1763 499 jam
1797 455 1888 503 ipsis

239 522 401 559 Athenis
436 521 603 557 docuere
638 524 803 563 Eun’rzs,
838 524 1064 558 Euxnmnns
1101 529 1139 555 et
1165 522 1337 555 Munus.
1392 520 1525 556 Suidas
1552 533 1579 557 s.
1608 535 1643 556 v.
1669 519 1889 570 Ἐπίχαρμος

240 591 285 626 Τ.
312 592 342 624 1.
369 600 407 636 p.
437 596 521 631 842.
550 581 586 627 ν’ἶν
614 583 649 622 δὲ
680 586 945 636 (Ἐπίχαρμος)
975 585 1045 636 vrgo*
1067 586 1131 622 τῶν
1158 586 1333 635 Περσικῶν
1367 588 1423 627 ἔτη
1455 585 1510 636 ἕξ,
1537 583 1701 623 διδοίσκων
1725 589 1756 624 ἒν
1783 588 1887 636 Zuga-

240 654 391 694 κούσαις.
414 656 445 690 ἐν
461 649 495 689 δὲ
509 651 669 695 Ἀθήναις
683 653 811 695 Εύέτης
826 650 1003 703 Εὑξενίδης
1020 656 1082 689 κα)
1094 651 1222 694 Μύλας
1248 654 1336 703 (leg.
1354 651 1521 702 Μύλλος)
1549 649 1783 699 ἐπεδείκνυντο,
1811 655 1887 691 hoc

241 731 299 759 est
333 722 486 768 Olymp.
521 723 706 764 LXXIII,
749 733 779 757 ι.
832 724 891 757 Ex
923 721 983 757 his
1016 724 1179 757 Euetem
1213 729 1252 757 et
1285 721 1525 757 Euxenidem
1559 730 1707 768 praeter
1732 721 1889 757 Suidam

240 802 356 827 nemo
385 796 687 835 commemorat3
715 796 754 824 at
780 788 897 835 Mylli
924 788 1155 825 memoriam
1173 796 1333 837 =praeter
1354 789 1594 835 Hesychium
1621 801 1648 824 s.
1676 802 1711 824 v.
1738 786 1890 828 Μύλλσς

242 867 467 904 ceterosque
493 856 864 905 Paroemiographos
892 868 912 891 a
939 855 1112 892 Fabricio
1139 856 1324 899 laudatos,
1353 857 1516 892 servavit
1533 857 1742 893 Diomedes
1761 860 1890 893 Gram-

240 925 403 960 maticus
431 924 520 958 loco
547 936 659 970 supra
687 923 894 970 adscripto,
924 932 961 958 et
987 924 1208 960 Eustathius
1236 924 1282 960 ad
1311 924 1443 970 Odyss.
1478 936 1515 972 p.
1548 933 1655 968 1335,
1686 937 1743 960 21.
1776 928 1887 961 Rom.

239 990 402 1034 Μύλλος,
429 989 515 1039 ὅπερ
543 992 617 1025 ἐστὶ
643 988 751 1040 κύριον
779 988 963 1040 ὑποκριτοῦ
988 989 1050 1026 τεῦ
1075 989 1252 1034 παλαιεῧ,
1279 989 1316 1031 ὃς
1340 994 1522 1037 μιλτωτοῗς
1547 993 1642 1037 φασὶ
1667 993 1891 1040 προσωπείοις

240 1056 432 1107 ἐχξῆσατσ,
472 1057 541 1092 ubi
578 1057 685 1105 quod
711 1058 850 1093 histrio
887 1058 1051 1101 dicitur,
1095 1070 1211 1104 quem
1245 1058 1362 1093 ceteri
1403 1058 1693 1094 comoediarum
1733 1068 1889 1105 poetam

240 1126 392 1169 dicunt,
426 1125 576 1160 nemini
603 1124 736 1161 fucum
763 1124 889 1161 faciet.
945 1125 1059 1173 Quod
1086 1133 1214 1160 autem
1239 1128 1421 1170 μιλτωτοῒς
1446 1128 1669 1173 προσωπείοις
1693 1138 1781 1161 usus
1809 1139 1888 1162 esse

240 1191 485 1240 perhibetur,
528 1192 760 1228 documento
803 1201 877 1234 est,
915 1192 1091 1227 inventas
1123 1190 1200 1236 jam
1233 1200 1318 1225 tum
1351 1191 1538 1238 temporis
1571 1190 1685 1227 fuisse
1710 1204 1887 1239 personas

241 1260 422 1301 scenicas,
450 1259 517 1294 sed
543 1259 597 1294 ita
623 1268 667 1295 ut
692 1259 876 1307 pristinae
904 1259 1059 1295 vultum
1085 1258 1207 1294 minio
1233 1258 1412 1294 illinendi
1431 1259 1717 1296 consuetudinis
1730 1260 1888 1308 vestigia

240 1334 486 1376 superessent.

342 1394 513 1441 Myllum
547 1402 782 1442 ceterosque,
818 1395 884 1442 qui
917 1406 992 1430 una
1020 1407 1108 1431 cum
1137 1407 1183 1430 eo
1212 1402 1574 1438 commemorantur,
1601 1404 1731 1443 poetas
1757 1396 1886 1444 proxi-

238 1475 323 1500 mus
350 1461 510 1511 quidem
537 1470 575 1497 at
602 1461 691 1497 satis
724 1462 844 1511 longo
879 1470 1008 1499 tamen
1035 1463 1238 1511 proximus
1263 1462 1466 1498 intervallo
1494 1463 1638 1510 excipit
1672 1467 1885 1500 cmonmzs

237 1530 504 1572 Atheniensis,
532 1529 580 1564 de
608 1541 685 1577 quo
712 1529 767 1564 ita
793 1530 944 1566 Suidas:
997 1525 1149 1571 Χιωνίδης
1161 1530 1215 1576 *),
1247 1527 1447 1573 Ἀθηναῒος,
1474 1528 1620 1576 κωμικδς
1643 1529 1704 1571 τῆς
1729 1530 1887 1579 ἀρχαίας

238 1610 325 1645 κωμ.
353 1594 388 1633 ὃν
415 1598 476 1632 κα)
501 1597 644 1644 λέγουσι
669 1594 956 1645 πςωταγωνιστῆν
982 1593 1151 1644 ’γενέσθαι
1176 1594 1237 1637 τῆς
1262 1595 1418 1645 ἀρχαίας
1442 1589 1630 1641 κωμῳδίας,
1664 1590 1826 1632 διδάσκειν
1852 1593 1887 1632 δὲ

236 1667 343 1702 ἔτεσιν
377 1662 469 1701 ὀκτώ
499 1662 569 1713 vrgo*
601 1662 666 1699 τὶὖν
698 1662 885 1712 Πεξσικῶν.
937 1664 1084 1700 Eadem
1115 1663 1287 1699 Eudocia
1320 1675 1357 1710 p.
1382 1666 1470 1708 456.
1525 1666 1699 1711 Quorum
1733 1664 1765 1699 si
1797 1677 1887 1700 vera

239 1741 296 1769 est
332 1732 381 1768 de
415 1739 538 1767 aetate
565 1730 767 1767 Chionidis
801 1731 1010 1775 sententia,
1052 1730 1260 1768 Chionides
1286 1729 1364 1777 jam
1393 1731 1545 1778 Olymp.
1571 1732 1729 1774 LXXII,
1756 1740 1791 1775 4.
1824 1733 1887 1767 vel

243 1801 413 1842 LXXIII,
454 1811 486 1835 1.
520 1797 666 1834 fabulas
703 1799 836 1834 docuit
870 1808 983 1847 atque
1017 1799 1147 1845 Myllo
1183 1799 1397 1848 ceterisque
1429 1798 1562 1846 paullo
1600 1796 1794 1847 antiquior
1818 1799 1884 1836 ha-

280 1998 315 2036 .)
337 1999 383 2029 Ita
403 1999 489 2030 Kust.
510 2011 527 2031 e
548 2000 617 2031 cod.
639 2009 697 2041 pro
717 1998 847 2035 Χιονιῗης,
878 2000 961 2040 quod
981 2000 1094 2041 ubique
1114 2000 1324 2042 reponendum
1344 2000 1493 2042 putabant
1512 2001 1637 2033 Vossius
1657 2000 1695 2033 de
1714 2000 1818 2033 Poetis
1837 2012 1882 2044 gr.

345 2055 376 2086 p.
405 2043 454 2075 25.
483 2051 515 2076 et
540 2044 671 2077 casaub.
699 2044 736 2075 ad
762 2044 877 2075 Athen.
897 2047 920 2077 1.
944 2057 973 2088 p.
995 2047 1062 2078 119.
1084 2057 1110 2078 e.
1138 2047 1191 2078 ubi
1216 2048 1300 2088 quod
1320 2047 1493 2089 Schweigh.
1513 2048 1627 2078 scribit.
1646 2047 1798 2079 Athenaei
1817 2049 1883 2079 MS.

343 2092 383 2123 A.
413 2093 596 2128 [constanter
630 2092 745 2124 offerre
785 2092 915 2125 sormam
939 2093 1076 2130 Χιωνίδης,
1111 2101 1264 2138 repugnat
1303 2094 1337 2125 iis
1368 2105 1446 2135 quae
1478 2094 1550 2125 dixit
1580 2094 1650 2126 Vol.
1678 2095 1743 2127 Vll.
1765 2106 1795 2136 p.
1815 2092 1883 2126 487.

343 2137 397 2169 ubi
424 2150 459 2169 ex
488 2138 596 2169 eodem
622 2139 699 2169 libro
727 2141 867 2171 enotavit
890 2139 1021 2172 xmwnf.
1056 2141 1227 2181 Utrumque
1258 2142 1351 2173 habet
1377 2152 1439 2181 quo
1466 2142 1705 2173 commendetur.
1744 2142 1884 2173 Alterum

342 2181 469 2214 Χιωνίδης
490 2190 537 2216 est
558 2194 575 2215 a
596 2185 719 2216 nomine
737 2188 806 2215 xia·
823 2188 933 2220 xa'um,
954 2186 1082 2218 alterum
1104 2197 1122 2218 a
1138 2188 1224 2219 xime
1241 2185 1361 2219 Χιίνιῖος
1386 2186 1427 2224 (ν.
1452 2187 1492 2218 Τ.
1513 2187 1560 2218 Ἠ.
1589 2189 1626 2219 ad
1650 2188 1768 2220 Polluc-
1789 2187 1828 2217 T.
1847 2188 1883 2218 11.

342 2241 374 2271 p.
396 2229 482 2262 1193.
505 2238 537 2262 et
556 2231 695 2273 Thucyd.
715 2233 755 2270 V,
776 2232 841 2270 19.)
869 2233 919 2265 vel
939 2244 957 2265 a
975 2236 1064 2270 Χιόνη,
1083 2240 1120 2266 ut
1141 2234 1267 2267 Ovidius
1287 2234 1346 2276 Ep.
1366 2235 1457 2267 Pont-
1480 2235 1530 2275 111,
1550 2234 1659 2275 3,-..42.
1687 2233 1883 2276 Eumolpum,

342 2275 478 2309 Chiones
498 2279 604 2318 filium,
626 2277 809 2312 Chionidem
829 2280 910 2312 dixit.
