2155 2624
1058 40 1091 90 3

357 130 628 182 Antiquissimi
652 128 783 179 igitur,
812 128 878 177 qui
892 127 1036 165 Cratini
1060 136 1222 163 aetatem
1248 133 1441 175 superant,
1467 134 1606 174 poetae
1632 126 1774 163 comici
1799 129 1901 177 apud

254 203 404 241 Atticos
447 207 801 236 commemorantur
832 198 995 241 Susario,
1035 201 1187 240 Euetes,
1222 181 1453 239 Euxenide&
1487 196 1648 242 Myllus,
1683 195 1901 241 Chionides,

254 273 428 320 Magne-³,
461 268 738 317 Ecphantides‚
772 267 956 314 Tolynus.
1008 269 1053 303 In
1085 266 1147 302 his
1181 276 1299 314 quem
1331 265 1458 312 primo
1481 264 1571 302 loco
1597 264 1712 314 posui
1738 267 1899 303 Susmo

253 337 500 388 Megarensis,
526 337 671 373 Philini
697 335 813 379 filius,
839 336 1002 383 patriam
1028 334 1166 371 habuit
1184 333 1467 380 Tripodioeum,
1493 334 1715 383 Megaricae
1741 333 1899 371 ditionis

253 406 394 449 vicum,
421 405 522 442 unde
547 406 614 441 ille
638 405 680 441 in
701 405 868 441 Atticam
893 403 1089 451 profectus
1117 400 1221 448 apud
1246 400 1398 442 Icarios,
1425 400 1748 447 Dionysiacorum
1773 415 1898 439 sacro·

252 487 339 510 rum
367 476 473 510 cultu
504 473 729 509 nobilitatos
756 491 805 499 -
839 472 979 507 Athen.
1008 473 1054 505 II.
1096 481 1133 515 p.
1162 479 1223 512 40.
1258 469 1295 504 b.
1323 476 1362 503 et
1387 468 1514 503 Schol.
1547 468 1654 504 Iliad.
1686 483 1724 516 χ,
1759 484 1818 516 29,
1845 490 1897 499 .-

252 544 399 589 piimus
428 542 604 578 omnium
630 539 804 575 versibus
832 536 1053 573 comoedias
1080 536 1255 572 docuisse
1284 535 1462 571 creditur.
1492 538 1534 570 V.
1561 536 1686 572 Schol.
1716 538 1895 584 Dionysii

251 610 386 645 Thrac.
412 622 449 656 p.
469 618 554 653 748.
581 607 703 644 Bentl.
731 605 878 641 Phalar.
907 604 965 640 ed.
992 604 1095 651 Lips.
1111 617 1148 651 p.
1166 607 1250 640 262.
1306 606 1411 651 Quae
1436 603 1469 639 si
1495 616 1581 639 vera
1609 613 1710 648 sunt,
1736 614 1782 641 ut
1806 616 1896 642 sunt

251 689 340 713 sane
371 689 461 712 meo
495 675 642 721 judicio
676 673 889 715 verissima,
925 684 1005 708 non
1034 672 1200 708 dubitari
1226 683 1338 719 posse
1364 671 1534 715 videtur,
1568 672 1661 720 quin
1686 673 1813 722 prima
1841 683 1895 711 at·

249 745 348 780 ticae
383 742 607 780 comoediae
641 742 771 790 paullo
806 739 1049 777 artificiosius
1080 740 1253 776 excultae
1287 739 1396 775 initia
1436 751 1456 775 a
1488 740 1775 789 Megarensibus
1816 742 1895 779 sint

249 811 467 858 repetenda.
520 811 640 859 quue
665 812 768 858 ipsos
796 811 912 846 etiam
944 812 1185 858 Megarenses
1218 808 1291 843 sibi
1326 808 1562 856 persuasisse,
1595 818 1745 856 praeter
1777 815 1894 859 Aspa-

248 880 349 915 sium
383 877 430 915 ad
456 879 671 916 Aristotelis
696 879 783 915 Eth.
818 879 973 916 Nicom.
1005 880 1067 921 IV,
1106 891 1138 913 ε.
1174 876 1288 912 docet
1321 875 1581 913 nobilissimus
1613 877 1722 915 locus
1748 879 1893 916 Aristo-

248 948 333 983 telis
366 951 447 984 Art.
488 956 591 995 poet.
624 951 690 991 III,
735 958 770 991 5.
824 947 1036 983 Utebantur
1070 955 1198 981 autem
1232 948 1499 994 Megarenses,
1544 946 1752 984 Aristotele
1784 957 1893 993 teste,

248 1015 397 1051 duobus
430 1017 674 1063 potissimum
711 1016 961 1064 argumentis,
1001 1013 1139 1062 quibus
1175 1013 1250 1049 sibi
1287 1014 1512 1050 comoediae
1548 1015 1741 1064 originem
1766 1017 1892 1053 vindi-

248 1092 394 1125 carent,
446 1095 613 1130 quorum
655 1083 817 1117 alterum
856 1095 903 1117 ex
942 1083 1026 1128 ipso
1060 1075 1239 1128 κωμῳδίας
1273 1082 1435 1117 nomine>
1464 1082 1634 1129 petitum
1664 1092 1803 1132 utpote
1835 1085 1890 1122 le.

247 1150 331 1185 vius
357 1150 642 1196 praetermitt03
676 1162 712 1183 v.
740 1149 922 1185 Muelleri
949 1151 1043 1183 Dor.
1070 1152 1118 1184 11.
1146 1161 1182 1195 p.
1213 1160 1296 1192 551.
1325 1158 1365 1184 et
1391 1153 1579 1194 Anonym.
1607 1150 1655 1186 de
1681 1153 1892 1189 Comoedia

245 1217 493 1264 Aristophani
525 1216 754 1264 praemissus
788 1228 827 1264 p.
860 1218 1015 1252 XXVII.
1049 1216 1154 1263 Lips.
1210 1216 1368 1252 Gravius
1395 1216 1571 1259 alterum,
1598 1229 1620 1252 e
1644 1218 1822 1266 populari
1846 1221 1892 1256 il.

245 1286 326 1327 lud,
354 1285 459 1333 quod
485 1285 587 1332 apud
608 1287 853 1334 RIegarenses
880 1283 1027 1326 floruit,
1053 1283 1220 1331 imperio
1248 1283 1428 1320 ductum:
1462 1283 1718 1332 ἀντιποιοῦνται,
1750 1287 1890 1337 inquit,

243 1351 303 1393 τῖς
329 1353 388 1394 μὲν
414 1346 589 1399 κωμῳδίας
618 1353 648 1388 οἱ
661 1353 853 1403 Μεγαρεῖς,
880 1353 915 1388 οἵ
936 1365 975 1402 ‘rs
1001 1349 1164 1395 ἐνταῦθα,
1192 1349 1236 1392 ω’ς·
1261 1352 1318 1388 ἐπὶ
1343 1349 1404 1393 τῆς
1423 1351 1507 1402 παρ’
1523 1351 1641 1394 αὐτοῖς
1657 1347 1889 1406 δημοκξατῐας

243 1423 429 1467 γενομένης,
456 1424 518 1455 καὶ
544 1422 573 1456 οῖ
601 1422 638 1455 ἐκ
667 1421 837 1459 Σικελίας.
865 1417 996 1457 ἐκεῖθεν
1022 1418 1092 1468 γοίς
1117 1414 1153 1459 ν”ἷν
1178 1418 1406 1468 Ἐπίχαρμος.
1446 1421 1569 1457 Mitto
1595 1431 1810 1470 postrema:
1839 1426 1889 1462 ad

244 1489 386 1524 seriora
413 1488 514 1523 enim
542 1497 711 1535 spectant
737 1496 921 1535 tempora.
973 1491 1024 1523 At
1049 1487 1282 1525 Nisaeorum
1295 1488 1585 1537 Megarensium
1612 1490 1888 1530 democratiam

245 1568 361 1604 quam
389 1556 539 1590 tandem
567 1555 797 1590 intellexisse
823 1555 1044 1603 putabimus
1070 1554 1343 1592 Aristotelem?
1377 1559 1524 1593 Tacent
1548 1558 1788 1606 interpretes,
1814 1562 1887 1597 nisi

245 1623 349 1673 quod
364 1626 610 1660 Hermannus
638 1623 912 1659 democratiam
927 1623 1213 1672 Megarensium
1242 1622 1431 1662 sublatam
1456 1637 1537 1662 esse
1563 1625 1720 1662 adnotat
1734 1628 1886 1677 Olymp.

242 1695 453 1735 LXXXIX,
494 1705 524 1728 1.
580 1690 654 1728 Sed
688 1691 736 1728 ad
768 1692 868 1727 hanc
895 1691 1052 1740 quidem
1078 1692 1187 1735 illos,
1222 1693 1445 1730 comoediae
1471 1706 1492 1731 a
1518 1707 1558 1731 se
1583 1695 1763 1731 inventae
1789 1698 1885 1732 anti·

244 1760 430 1808 quitatem
457 1759 729 1803 declaraturos,
760 1771 971 1808 provocare
997 1772 1078 1795 non
1103 1760 1286 1808 potuisse,
1318 1772 1435 1797 nemo
1461 1774 1537 1798 non
1566 1763 1758 1812 intelligit.
1810 1767 1884 1799 Ita.

243 1840 317 1875 que
344 1828 426 1863 noli
452 1827 649 1871 dubitare,
684 1828 777 1877 quin
806 1840 889 1865 eam
915 1830 1161 1878 Megarenses
1187 1828 1461 1866 democratiam
1488 1831 1651 1879 intelligi
1677 1832 1885 1875 voluerint,

243 1907 339 1943 quae
354 1894 462 1930 brevi
475 1904 563 1943 post
577 1896 778 1943 expulsum
791 1895 1037 1946 Theagenem
1052 1896 1227 1932 instituta
1243 1895 1328 1940 fuit,
1356 1909 1542 1947 quaeque,
1568 1898 1789 1949 demagogis
1803 1901 1882 1948 ple-

240 1964 331 2000 bem
352 1963 456 2000 dulci
477 1962 666 1999 libertatis
681 1974 779 2011 potu
796 1965 1088 2009 inebriantibus,
1110 1966 1153 2001 in
1177 1963 1362 2003 effrenem
1377 1967 1489 2013 plane
1501 1966 1701 2003 licentiam
1717 1967 1882 2017 degene-

240 2031 349 2067 ravit.
372 2031 468 2066 Plut.
492 2032 642 2078 Quaest.
665 2042 787 2079 graec.
811 2043 850 2079 p.
870 2042 955 2076 295.
974 2035 1023 2069 D.
1040 2033 1221 2081 Μεγαρεῖς
1236 2034 1396 2079 Θεαγένη
1415 2030 1470 2068 τον
1491 2030 1647 2081 τύξαννον
1669 2032 1883 2079 ἐκβαλόντες

241 2098 359 2146 ὀλίγον
384 2096 503 2148 χξόνον
527 2094 770 2149 ἐσωφςόνησαν
794 2097 890 2135 κατοὲ
909 2097 968 2140 τήν
989 2102 1177 2136 πολιτείαν.
1193 2098 1269 2139 εἶτα
1283 2097 1417 2141 »πολλήν
1431 2103 1561 2138 -καὶ
1586 2099 1739 2152 ἄκρατον
1765 2102 1882 2143 αὐτοῖς

242 2164 441 2216 ἐλευθεξίαν
480 2164 544 2203 τῶν
577 2163 793 2215 δημαγωγῶν
827 2165 1057 2215 οἰνοχοούντων
1090 2164 1341 2217 διαφθαρέντες
1373 2167 1587 2206 παντάπασι
1618 2168 1666 2207 τοί
1698 2184 1737 2208 τε
1777 2168 1879 2207 ἄλλα
1915 2171 1928 2182 ’

240 2238 311 2275 τοῖς
344 2236 521 2275 πλουσίοις
552 2233 719 2283 dcem&
751 2237 1005 2284 προσεφέξοντο
1037 2238 1101 2272 καὶ
1126 2234 1304 2285 παριέντες
1331 2237 1378 2276 εἷς
1403 2236 1469 2278 τοῖς
1495 2240 1605 2279 οἰκίας
1630 2238 1740 2275 αὐτῶν
1765 2239 1795 2273 οἱ
1821 2241 1877 2274 πε,

1258 2306 1293 2341 A
1320 2316 1344 2341 2
