2155 2624
1064 73 1102 129 9

261 162 410 201 bendus
444 171 511 200 est.
573 160 649 199 Cfr.
683 158 820 200 Wolfii
852 161 950 199 Prol.
987 160 1034 199 ad
1066 163 1186 199 Hom.
1219 170 1257 210 p.
1291 161 1467 200 LXXIX.
1521 159 1639 211 Quod
1674 172 1752 212 quo
1784 165 1909 204 minus

260 241 365 269 recte
390 230 478 267 fieri
503 239 649 278 putem,
674 230 859 279 prohibet
884 231 1104 280 gravissima
1125 230 1343 268 Aristotelis
1372 229 1592 274 auctoritas,
1620 230 1688 279 qui
1713 243 1804 268 cum
1828 234 1911 281 ipse

262 299 551 336 didascaliarum
583 300 705 336 libros
739 299 978 343 condiderit,
1019 298 1210 347 ejusmodi
1242 299 1283 334 in
1315 297 1429 334 rebus
1464 298 1545 334 falli
1578 298 1646 336 vix
1677 301 1822 346 potuit.
1873 305 1909 338 Is

260 368 380 416 igitur
404 367 633 404 Chionidem
661 376 699 404 et
723 370 946 416 Magnetem
961 368 1196 415 Epicharmo
1224 366 1422 413 aliquanto
1449 375 1570 402 aetate
1594 368 1767 404 minores
1793 368 1911 405 fuisse

260 443 437 471 testatur:
462 434 679 484 Ἐπίχαρμος
702 433 828 481 πολλῷ
852 433 1016 485 πςότεςος
1041 431 1084 469 ὢν
1110 427 1262 468 Χιωνῖδου
1289 433 1353 469 καὶ
1377 429 1569 479 Μάγνητος
1594 437 1673 470 Art.
1706 438 1813 472 Poet.
1840 439 1908 480 111,

261 514 295 547 5.
328 505 412 542 Jam
446 516 564 552 quum
599 504 849 551 Epicharmus
878 503 1031 548 Olymp.
1057 502 1233 536 LXXIII.
1261 499 1324 535 vel
1348 502 1520 536 LXXIV.
1547 499 1735 545 floruerit,
1768 504 1906 541 Muell.

258 574 353 606 Dor.
387 574 432 606 ΙΙ.
466 582 502 617 Ρ.
538 582 642 614 555,
688 569 888 605 Chionidis
924 576 1088 603 aetatem
1123 567 1190 602 vix
1225 575 1312 602 ante
1347 567 1500 613 Olymp.
1534 571 1690 604 LXXX.
1726 568 1908 607 collocari

256 649 366 685 posse
400 636 641 673 crediderim.
704 635 820 683 Quod
860 647 996 670 verum
1036 647 1117 670 esse
1150 634 1268 670 etiam
1304 634 1380 669 alio
1409 643 1634 683 argumento
1661 636 1906 686 intelligitur.

255 708 357 740 Nam
391 716 479 738 cum
512 701 719 738 Chionides
753 701 854 748 apud
887 703 1026 738 Athen.
1052 704 1151 738 XIV.
1187 713 1224 749 p.
1254 704 1339 744 658.
1377 713 1408 735 a.
1443 702 1677 749 Gnesippum
1710 703 1907 740 ludicrum

254 780 409 820 poetam
437 776 731 811 commemoret,
756 769 789 804 is
816 781 909 805 vero
937 770 1084 806 Cratini
1110 768 1276 817 aequalis
1303 767 1432 811 fuerit,
1459 768 1598 805 Athen.
1625 770 1650 805 1.
1676 771 1716 813 1.,
1748 771 1906 808 Chioni-

255 839 345 873 dem
372 836 517 873 Cratini
550 845 712 871 aetatem
738 837 909 887 attigisse
936 846 1110 885 apertum
1147 846 1223 872 est:
1282 848 1516 884 quamquam
1549 849 1630 872 non
1665 824 1905 876 dissimulan-

254 905 368 949 dum,
400 913 498 940 teste
530 905 727 941 Athenaeo
759 905 785 940 l.
818 905 843 942 1.
881 914 921 941 et
953 908 1014 941 IV.
1047 918 1085 953 p.
1118 916 1200 949 157.
1236 916 1267 939 e.
1296 903 1411 940 fuisse
1436 904 1540 940 inter
1564 913 1711 941 veteres
1737 905 1906 950 criticos,

255 973 322 1021 qui
347 973 469 1021 ipsam
493 972 600 1009 illam
626 971 795 1009 fabulam
822 966 976 1020 Πᾶ-ωχοί,
1003 973 1044 1009 in
1072 983 1146 1021 qua
1174 971 1387 1020 Gnesippus
1414 981 1754 1017 commemoratur,
1788 971 1905 1011 obelo

252 1049 441 1077 notarent.
493 1039 568 1076 Sed
595 1039 642 1075 de
667 1040 745 1075 hoc
769 1048 968 1089 utcunque
995 1048 1194 1082 statuatur,
1235 1039 1334 1075 illud
1361 1038 1525 1075 dubium
1553 1052 1633 1076 esse
1658 1052 1738 1077 non
1762 1050 1902 1090 potest,

250 1107 500 1144 Aristotelem
534 1107 589 1142 ita
629 1118 932 1143 commemorare
966 1107 1214 1149 Chionidem,
1253 1115 1298 1142 ut
1341 1118 1431 1142 eum
1463 1106 1656 1150 omnium,
1695 1108 1765 1156 qui
1798 1108 1902 1157 apud

251 1174 400 1212 Atticos
434 1172 621 1217 floruere,
658 1173 900 1209 comicorum
936 1181 1057 1209 aetate
1089 1174 1262 1220 primum
1288 1173 1402 1208 fuisse
1428 1174 1639 1215 censuerit,
1678 1186 1759 1210 non
1787 1175 1902 1211 aliam

252 1250 349 1291 puto
377 1240 428 1277 ob
457 1252 646 1285 caussam,
685 1252 801 1289 quam
827 1240 933 1290 quod
960 1240 1138 1277 omnium
1165 1240 1451 1289 antiquissimus
1478 1239 1572 1283 fuit,
1607 1239 1715 1287 cujus
1741 1241 1904 1289 scriptae

253 1309 424 1345 extitisse
449 1308 631 1344 videntur
654 1308 892 1352 comoediae,
918 1308 962 1344 id
988 1308 1095 1357 quod
1121 1309 1238 1344 etiam
1264 1309 1354 1344 illos
1375 1306 1593 1356 siguificare
1609 1309 1775 1345 voluisse
1790 1319 1902 1356 puto,

251 1376 318 1427 qui
350 1388 439 1413 eum
471 1373 754 1426 πρωταγωνιστνῖν
785 1374 848 1419 τῆς
879 1375 1038 1426 ἀρχαίοις
1069 1384 1346 1425 nuncuparent.
1400 1373 1557 1412 Fabulas
1592 1374 1672 1422 ejus
1700 1376 1835 1414 Suidas
1861 1386 1902 1415 et

249 1444 421 1482 Eudocia
435 1453 741 1480 commemorant
749 1443 866 1493 Ἤςως
881 1443 1142 1494 (1eg.‘ngs;-),
1160 1445 1317 1491 Πτωχοί,
1343 1444 1479 1493 nego-ou
1505 1439 1527 1485 ἦ
1550 1441 1729 1493 Ἀσσύριοι.
1747 1447 1899 1481 Postre.

249 1525 335 1550 mae
365 1512 521 1548 nullum
555 1521 727 1560 superest
762 1511 1038 1561 fragmentum3
1088 1513 1236 1559 Πτωχοὶ
1268 1521 1419 1560 praeter
1445 1511 1558 1548 allata
1583 1511 1670 1547 loca
1694 1512 1900 1549 laudantur

250 1580 298 1616 ab
324 1579 462 1616 Athen.
489 1582 554 1615 III.
580 1590 618 1627 p.
649 1591 732 1624 119.
759 1591 792 1614 e.
825 1587 864 1614 et
888 1582 1096 1616 Grammat.
1123 1579 1331 1615 Hermann.
1356 1589 1395 1626 p.
1426 1590 1524 1626 525„
1570 1576 1705 1627 Ἥρωες
1730 1578 1899 1627 denique

250 1661 272 1685 a
296 1648 453 1685 Polluce
479 1649 527 1690 X,
561 1656 624 1692 45.
653 1646 946 1684 emendantibus
973 1648 1100 1684 Bentl.
1126 1646 1246 1695 Epist.
1282 1646 1330 1683 ad
1355 1649 1506 1684 Hemst.
1539 1657 1578 1694 p.
1613 1654 1674 1691 94„
1725 1646 1895 1684 Lobeck.

250 1716 299 1753 ad
323 1715 465 1763 Phryn.
491 1726 528 1762 p.
558 1725 643 1759 255.
695 1717 852 1751 Porson.
878 1714 975 1751 Adv.
1001 1727 1040 1763 p.
1069 1725 1168 1759 251„
1195 1713 1243 1750 ab
1269 1714 1466 1750 Antiattic.
1492 1725 1529 1762 p.
1559 1726 1619 1758 97.
1647 1722 1686 1750 et
1718 1713 1831 1750 Suida
1857 1726 1894 1749 v.

249 1780 366 1831 ἄγνος,
393 1783 454 1820 cll.
481 1784 586 1818 Pors.
612 1781 708 1818 Adv.
733 1795 771 1830 p.
802 1794 861 1827 55.
904 1783 1039 1819 Tacito
1066 1781 1218 1818 fabulae
1244 1781 1359 1817 titulo
1386 1791 1713 1819 commemoratur
1738 1781 1895 1818 Chioni-

250 1851 314 1888 des
342 1863 362 1887 a
388 1849 569 1886 vitruvio
596 1853 641 1886 L.
668 1852 730 1888 VI.
756 1849 876 1898 praef.
900 1862 938 1898 p.
970 1854 1053 1895 146.
1080 1857 1121 1887 et
1146 1848 1305 1887 fortasse
1332 1861 1353 1886 a
1378 1849 1541 1887 Philem.
1574 1852 1740 1887 Gramm.
1767 1859 1805 1896 p.
1835 1859 1894 1894 5ο.

252 1921 313 1955 Os.
340 1918 410 1954 ubi
435 1916 572 1952 vitiose
596 1917 740 1966 legitur
756 1919 960 1954 Χωνίππου-

351 1991 448 2024 Cum
482 1985 672 2023 Chionide
702 1986 925 2023 Aristoteles
958 1984 1158 2033 conjunxit
1189 1987 1436 2030 meznuu,
1469 1993 1514 2022 ut
1543 1981 1685 2022 eodem
1718 1996 1797 2035 quo
1827 1983 1894 2022 ille

249 2064 423 2104 tempore
447 2052 586 2090 vixisse
611 2051 799 2090 videatur.
834 2053 1029 2090 Susarioni
1054 2062 1095 2089 et
1119 2054 1247 2101 Myllo
1273 2054 1342 2104 qui
1367 2052 1564 2101 aequalem
1588 2050 1717 2088 facere
1742 2052 1896 2088 videtur

250 2121 457 2160 Diomedes
483 2123 650 2157 Gramm.
676 2123 742 2157 ΙΙΙ.
766 2132 805 2168 p.
832 2125 919 2164 486.
953 2122 1069 2170 longe
1102 2134 1125 2157 a
1151 2134 1244 2158 vero
1271 2121 1431 2156 aberrat.
1484 2122 1591 2156 Inter
1615 2120 1891 2171 Epicharmum

251 2200 291 2228 et
317 2189 513 2228 Cratinum
538 2187 687 2225 medius
713 2187 975 2237 interponitur
1008 2187 1056 2223 ab
1080 2191 1203 2225 Anon.
1237 2188 1286 2223 de
1319 2190 1427 2224 Com.
1460 2198 1499 2235 p.
1534 2189 1705 2225 xxvm.
1757 2190 1890 2235 Neque

249 2266 438 2308 repugnat
474 2256 672 2294 Aristoteli
709 2255 843 2293 suidas
880 2268 918 2294 v.
955 2253 1108 2303 Μάγνης
1137 2259 1182 2292 Τ.
1209 2259 1256 2292 Π.
1282 2263 1372 2300 478.
1413 2252 1607 2302 ἐπιβάλλει
1638 2250 1666 2292 δ’
1690 2252 1891 2303 Ἐπιχάρμῳ

1271 2325 1305 2360 Β
