2155 2624
1063 42 1130 92 18

269 135 388 172 derit:
428 133 478 171 ἔτι
512 131 561 180 μὴ
586 127 756 178 κωμῳδεῖν]
782 133 917 178 μηκέτι,
950 130 1127 181 σχολάζοι
1155 130 1190 168 δὲ
1215 132 1257 184 τῇ
1283 133 1401 183 Μέθῃ.
1454 138 1515 172 Sic
1543 138 1646 172 enim
1673 136 1916 172 scribendum

269 216 341 252 pro
363 202 412 240 ὅτι
428 201 476 250 μή
491 196 651 249 κωμῳδεῖ,
675 195 695 241 ἢ
707 200 825 246 μηκέτι
841 197 1017 249 σχολάζοι
1033 212 1064 236 τ.
1085 202 1137 236 Μ.
1176 200 1230 236 Cf.
1246 201 1403 237 Suidam
1420 215 1447 237 s.
1465 217 1500 238 v.
1517 199 1641 241 κώδιον.
1667 209 1723 241 Ex
1739 203 1915 240 oratione

271 272 520 314 Comoediae,
561 282 635 318 qua
668 268 877 304 criminum
911 269 950 304 in
984 269 1167 305 maritum
1203 269 1465 315 conjectorum
1505 283 1727 320 argumenta
1754 272 1916 314 dicebat,

270 349 308 376 et
342 352 455 389 quam
486 339 599 386 plane
634 337 681 373 acl
714 336 954 382 iudicialium
982 338 1199 373 orationum
1226 337 1390 374 formam
1418 337 1588 374 effictam
1614 340 1730 377 fuisse
1758 354 1804 377 ex
1829 341 1917 377 loco

270 408 370 456 apud
405 407 640 442 Clementem
672 404 876 442 Alexandr.
912 407 1050 441 strom.
1087 408 1149 441 VI.
1183 418 1221 453 p.
1251 409 1335 449 265.
1371 405 1475 451 Sylb.
1513 405 1753 455 intelligitur,
1790 421 1917 444 versus

269 476 416 523 aliquot
448 475 516 511 sed
551 471 761 510 admodum
795 474 977 509 mendose
1010 474 1172 522 scriptos
1205 474 1369 510 servavit
1402 474 1631 510 Scholiastes
1664 475 1689 510 1.
1723 476 1750 510 1.
1787 478 1919 512 Priora

267 543 322 579 ita
347 542 549 579 scribenda
584 549 691 576 sunt:

573 606 657 645 dm·
691 607 933 657 ἐπανατςέψαι
965 605 1187 655 βουλόμεσθ’
1219 609 1267 649 εἷς
1298 605 1356 643 τὸν
1388 604 1496 657 λόγον

574 673 748 725 πρότεξον.
785 676 907 715 ἐκεῖνος
939 674 1026 725 vrgo}
1060 676 1175 725 ἑτέραν
1202 674 1332 723 ’γυναῖκ’
1359 676 1444 723 ἔχων

573 740 633 781 τᾶν
659 742 731 780 νοῦν
765 756 797 780 κ.
823 755 854 780 τ.
882 746 918 780 λ.

267 812 446 848 Indidem
485 812 629 859 petitus
667 822 723 848 est
753 825 884 848 versus
919 812 1020 859 apud
1055 812 1181 847 Schol.
1217 813 1381 847 Homeri
1418 813 1549 858 Odyss.
1585 810 1624 854 θ,
1662 816 1743 854 186.
1779 810 1861 860 ’γυνή
1894 809 1918 847 δ’

267 882 390 917 ἐκείνου
416 876 579 929 ‘ngas-2201!
605 873 636 923 ἧ,
664 878 716 916 νῦν
743 874 769 916 δ’
791 878 911 915 οὐκέτι.
953 879 1093 916 Audita
1121 879 1351 916 comoediae
1380 880 1562 922 oratione,
1591 880 1734 915 amicos
1763 881 1919 917 consilia

268 948 316 985 de
356 948 502 994 optima
541 948 723 983 medendi
760 948 904 983 Cratini
943 947 1095 982 ratione
1134 948 1265 983 iniisse
1305 949 1459 996 colligas
1500 962 1520 983 e
1560 948 1777 996 fragmento
1819 949 1920 995 apud

265 1014 405 1051 Athen.
439 1017 504 1051 XI.
544 1027 581 1063 p.
614 1024 704 1061 494.
739 1027 771 1051 c.
825 1014 973 1065 Quibus
1003 1015 1182 1050 omnibus
1209 1016 1262 1050 ita
1288 1015 1527 1063 respondisse
1553 1015 1707 1051 videtur
1734 1017 1919 1060 Cratinus,

264 1093 308 1119 nt
334 1084 433 1119 nihil
461 1083 607 1132 egregii
632 1083 808 1131 proferre
833 1091 988 1131 poetam
1015 1094 1126 1129 posse
1154 1082 1316 1125 diceret,
1351 1084 1423 1118 nisi
1451 1084 1517 1132 qui
1552 1084 1645 1118 vino
1680 1084 1917 1120 incaluisset:

266 1147 348 1202 ὔδωξ
376 1148 411 1187 δὲ
437 1153 537 1190 πίνων
563 1149 715 1203 xeno-‘rein
743 1145 834 1206 ςὺδὲν
861 1146 903 1187 ἂν
929 1152 1047 1194 τέκοις,
1073 1159 1119 1186 ut
1140 1159 1197 1186 est
1215 1151 1255 1185 in
1270 1151 1472 1186 Nicaeneti
1488 1150 1776 1198 epigrammata,
1805 1164 1917 1199 quem

267 1220 414 1257 Cratini
439 1230 594 1254 versum
620 1230 700 1254 esse
727 1230 775 1254 ex
799 1218 873 1254 hac
899 1218 980 1265 ipsa
1007 1217 1137 1253 fabula
1164 1216 1384 1253 desumtum
1411 1217 1605 1253 verissime
1626 1219 1777 1254 monuit
1799 1220 1919 1255 Moie-

265 1301 330 1325 rus
362 1288 403 1323 in
435 1287 540 1323 libro
566 1287 614 1323 de
641 1299 839 1323 causarum
868 1295 939 1322 act.
975 1285 1075 1333 apud
1102 1285 1240 1322 Athen.
1266 1285 1353 1321 Lib.
1381 1289 1446 1322 ΙΙΙ.
1473 1298 1509 1334 p.
1543 1295 1626 1330 289.
1680 1287 1839 1335 Reliqua
1868 1288 1918 1323 fa-

265 1355 379 1392 bulae
411 1355 628 1405 fragmenta
654 1353 832 1402 persequi
860 1365 940 1390 non
967 1352 1081 1399 hujus
1108 1353 1185 1388 loci
1213 1361 1279 1389 est.

366 1424 525 1461 Fabulas
552 1422 731 1459 docuisse
754 1421 981 1470 perhibetur
1007 1434 1123 1457 unam
1151 1429 1190 1456 et
1216 1421 1367 1470 viginti,
1395 1420 1554 1456 testibus
1578 1421 1692 1457 Suidn
1721 1434 1747 1457 s.
1776 1435 1811 1457 ν.
1828 1421 1908 1473 Κξα

264 1495 369 1537 τ’ἵνσς,
407 1490 578 1528 Eudocia
612 1503 650 1539 p.
688 1502 772 1534 271.
808 1498 847 1526 et
878 1492 1085 1537 Anonymo
1112 1488 1159 1525 (le
1186 1492 1294 1525 Com.
1321 1501 1356 1537 p.
1383 1491 1522 1525 XXIX.
1581 1489 1785 1525 Wielandii
1814 1503 1920 1526 error

266 1561 315 1597 ad
339 1560 537 1607 Aristoph.
563 1559 692 1607 Equit.
721 1568 806 1603 540.
833 1558 1039 1607 nonaginta
1066 1571 1154 1594 eum
1181 1558 1399 1594 fabularum
1434 1565 1630 1592 auctorem
1666 1557 1780 1593 fuisse
1817 1556 1919 1594 affir-

265 1628 406 1665 mantis
432 1627 537 1664 unde
562 1626 721 1663 fluxerit
746 1626 888 1663 nescio.
940 1626 1152 1662 Victoriam
1179 1626 1221 1662 in
1247 1633 1451 1674 poetarum
1479 1624 1770 1668 certaminibus,
1802 1625 1918 1662 Suida

265 1707 304 1734 et
329 1696 503 1733 Eudocia
527 1694 776 1737 testantibus,
809 1695 942 1730 novies
969 1695 1201 1742 reportavit,
1232 1694 1352 1741 ‚idque
1378 1691 1602 1737 παμψηφεί,
1642 1701 1686 1727 ut
1713 1694 1765 1728 ait
1792 1695 1916 1729 Schol.

264 1764 379 1802 Arist.
414 1766 511 1812 Equ.
548 1774 633 1807 725.
685 1762 901 1805 Histrione,
937 1763 1000 1798 cui
1033 1762 1176 1810 primas
1211 1760 1429 1797 fabularum
1461 1767 1587 1807 partes
1621 1758 1794 1804 deferret,
1828 1775 1917 1798 usus

267 1841 322 1868 est
348 1835 513 1873 cratete,
539 1830 668 1866 Schol.
694 1830 821 1878 Equit.
844 1838 929 1873 534.
985 1833 1327 1871 commentatores,
1355 1836 1398 1862 ut
1423 1828 1501 1863 hoc
1527 1827 1674 1869 addam,
1702 1837 1834 1865 nactus
1862 1840 1917 1865 est

268 1900 405 1949 plura,
439 1899 481 1937 in
507 1898 569 1937 his
598 1897 871 1941 Callistratum,
897 1896 1005 1945 cujus
1032 1897 1072 1934 in
1102 1893 1271 1948 Θςοίττας
1297 1895 1465 1934 fabulam
1492 1898 1811 1935 commentarium
1836 1899 1916 1936 lau-

271 1968 336 2004 dat
368 1969 491 2004 Athen
527 1971 611 2004 XII.
644 1978 683 2015 p.
710 1976 799 2011 494.
833 1966 871 2002 b.
912 1966 1064 2001 Scholia
1092 1966 1131 2000 in
1161 1966 1359 2001 Cratinum
1387 1975 1691 2002 commemorant
1717 1976 1824 2002 vetus
1859 1969 1916 2002 in-

270 2044 414 2083 terpres
451 2035 498 2071 ad
530 2035 727 2083 Aristoph.
761 2037 872 2083 Vesp.
910 2046 995 2079 751.
1031 2044 1071 2071 et
1104 2034 1242 2070 Pollux
1273 2037 1319 2077 X,
1357 2038 1415 2079 64.
1481 2035 1802 2082 Lycrophronem
1839 2049 1916 2085 quo

270 2111 427 2139 auctore
453 2102 642 2138 Fabricius
668 2103 768 2140 Bibl.
798 2105 861 2139 Gr.
888 2105 935 2139 11.
962 2114 998 2151 p.
1027 2112 1112 2147 5'154.
1140 2102 1217 2137 huc
1244 2103 1418 2139 retulerit
1444 2103 1675 2153 ignoramus.
1730 2103 1916 2139 Galenum

268 2170 423 2208 duobus
462 2169 570 2205 libris
610 2169 656 2205 τοὶ
695 2170 796 2220 πειραὶ
834 2173 987 2221 Κρατίνῳ
1028 2169 1193 2205 vra->mand
1224 2169 1380 2216 ὀνόματα
1417 2171 1662 2217 explicuisse,
1697 2171 1778 2216 ipse
1812 2170 1916 2204 testis

269 2248 326 2277 est
352 2239 393 2276 in
434 2236 667 2287 scriptorum
700 2251 856 2277 suorum
890 2252 1052 2277 recensu
1091 2242 1134 2277 T.
1169 2241 1230 2277 IV.
1269 2251 1307 2289 p.
1345 2247 1381 2284 4.
1422 2237 1508 2276 Ald.
1580 2236 1759 2285 Denique
1801 2236 1915 2274 etiam
