2155 2624
1072 65 1144 128 56

277 161 521 215 Ἀριστοφάνην
541 161 692 201 Εὕπελίν
717 177 755 201 τε
782 165 844 200 κα)
868 159 1048 200 Πλάτωνα
1074 163 1253 213 γενέσθαι,
1282 179 1379 215 quae
1405 180 1487 203 non
1514 168 1842 211 ‹lemanni-anno,
1868 169 1936 206 sed

281 234 330 271 de
367 247 415 271 eo
449 244 633 281 tempore,
669 245 746 281 quo
779 233 839 268 illi
873 232 1015 269 florere
1052 243 1274 281 coeperunt,
1309 235 1561 283 intelligenda
1596 250 1675 273 esse
1708 236 1935 272 verbomo-

280 303 409 340 nuisse
436 300 611 339 sufficiat.
664 301 801 338 Eidem
830 301 1051 350 Olympiadi
1077 303 1247 351 Eupolin
1276 311 1313 338 et
1339 304 1636 350 Aristophanem
1666 307 1825 355 assignat
1842 308 1936 352 Syn·

284 373 401 408 cellus
428 371 568 405 Chron.
595 381 639 416 p..
663 381 748 414 205.
778 382 808 405 c.
861 371 1040 406 Natalem
1066 383 1210 406 annum
1232 371 1433 418 Eupolidis
1460 371 1571 406 facile
1599 384 1619 406 e
1647 374 1786 409 Suidae
1808 374 1935 409 verbis

283 451 372 475 cum
386 437 582 483 Anonymi
608 438 696 473 loco
726 439 953 485 comparatis
983 439 1121 474 elicias.
1162 442 1197 474 Is
1227 439 1329 474 enim
1357 451 1384 473 s.
1412 452 1447 473 v,
1475 435 1628 477 Εὔπελις
1653 439 1758 474 hunc
1785 441 1936 477 decimo

279 505 446 553 septimo
475 506 608 541 aetatis
636 518 738 541 anno
765 506 931 554 primam
959 505 1129 543 fabulam
1158 507 1276 556 egisse
1304 505 1444 542 diserte
1470 505 1641 549 tradidit,
1670 519 1766 555 quae
1793 509 1825 544 si
1850 521 1937 545 vera

281 583 382 617 sunt,
416 575 584 621 Eupolin
621 576 772 621 Olymp.
807 578 1020 619 LXXXIII,
1060 588 1093 611 ε.
1131 584 1266 611 natum
1301 587 1379 610 esse
1415 583 1590 622 apertum
1623 583 1690 610 est.
1743 577 1939 612 Nonnihil

281 650 413 678 tamen
440 641 695 678 dubitationis
722 641 993 692 injicit,.quod
1020 644 1148 693 legem
1176 643 1292 680 fuisse
1318 642 1636 692 perhibent,.qua
1664 653 1861 679 caveretur
1889 656 1940 680 ne

283 711 367 758 quis
400 719 488 746 ante
523 711 764 759 trigesimum
799 712 892 754 sive,
926 721 971 747 ut
998 713 1072 747 alii·
1090 714 1239 755 volunt,
1280 711 1610 760 quadragesimum
1638 712 1769 747 aetatis
1796 723 1940 747 annum

282 778 429 815 fabulas
458 778 626 815 doceret.
689 778 916 826 Cuiusmodi
941 780 1067 829 legem
1096 781 1128 817 si
1154 793 1245 817 vere
1272 780 1388 817 fuisse
1416 780 1646 817 Scholiastae
1673 781 1720 817 ad
1745 780 1940 829 Aristoph.
1995 818 1997 820 ,

279 848 385 886 Nub.
424 851 510 892 526.
547 848 752 891 credimus,
788 860 829 884 ea
860 858 962 884 certe
996 862 1076 884 non
1112 849 1159 884 ad
1186 849 1361 897 sequiora
1389 858 1564 896 tempora
1593 849 1723 891 valuit,
1750 848 1942 898 siquidem

283 916 505 954 Menander
532 917 661 960 etiam,
689 929 777 952 cum
804 917 980 953 nondum
1009 931 1056 953 ex
1077 917 1236 965 ephebis
1256 917 1484 959 excessisset,
1511 916 1655 953 fabulas
1673 918 1817 953 docuit.
1843 917 1941 953 Vide

282 974 433 1033 Proleg.
468 984 515 1019 ad
549 987 657 1021 Men.
683 996 720 1030 p.
748 987 871 1019 XXX.
925 985 1059 1019 Minus
1089 985 1205 1020 etiam
1233 993 1334 1019 certa
1362 984 1408 1019 de
1436 996 1547 1026 anno,
1577 996 1653 1032 quo
1680 992 1942 1030 mortuus-est

281 1053 458 1102 Eupolis,
486 1052 736 1099 pronunciari
769 1060 941 1100 possunt.
996 1055 1051 1088 Ac
1085 1052 1251 1101 vulgaris
1280 1051 1435 1101 quidem
1462 1052 1630 1087 narratio
1657 1052 1689 1088 si
1715 1063 1804 1087 vera
1833 1060 1941 1095 esset,

283 1133 357 1171 qua
386 1133 475 1157 eum
503 1120 550 1155 ab
578 1120 779 1156 Alcibiade
806 1120 846 1155 in
874 1120 1045 1155 Siciliam
1072 1120 1278 1169 navigante
1304 1128 1463 1167 propter
1488 1123 1659 1166 BaPtas
1686 1119 1867 1161 fabulam,
1894 1118 1943 1154 de

284 1202 359 1239 qua
393 1188 493 1224 infra
528 1187 690 1231 dicetur,
723 1188 765 1223 in
799 1200 905 1223 mare
932 1188 1125 1233 dejectum
1153 1199 1233 1222 esse
1260 1186 1388 1221 ferunt
1411 1185 1473 1231 ’*),Α
1494 1185 1622 1220 obitus
1649 1185 1728 1231 ejus
1755 1186 1944 1221 incideret

283 1259 325 1293 in
358 1257 530 1304 primum
566 1267 712 1290 annum
748 1255 901 1302 Olymp.
936 1257 1032 1290 XCI.
1069 1253 1196 1289 media
1231 1260 1382 1288 aestate.
1434 1254 1478 1287 V.
1512 1251 1689 1299 Thucyd.
1717 1255 1779 1296 VI,
1809 1266 1867 1305 29.
1904 1262 1944 1290 et

284 1324 452 1363 Diodor.
478 1323 551 1360 Sic.
580 1325 683 1366 XIII,
713 1334 749 1367 5..
800 1322 874 1359 Sed
899 1322 1159 1372 redarguit
1185 1321 1293 1364 hoc,
1321 1329 1366 1357 ut
1393 1320 1585 1357 Ciceronis
1612 1321 1727 1357 verba
1754 1321 1801 1358 ad
1827 1323 1942 1358 Attic.

276 1396 346 1437 VI,
379 1406 409 1428 ι.
436 1403 526 1426 mea>
550 1390 701 1433 faciam,
728 1390 1103 1437 Eratosthenes;
1132 1388 1433 1425 affert-enim
1461 1401 1574 1438 quas
1601 1389 1693 1425 ille
1719 1398 1825 1438 post
1854 1390 1943 1427 hoo

285 1471 472 1508 tempus
508 1459 697 1495 fabulas
733 1457 973 1494 docuerit.
1026 1458 1147 1506 quue
1181 1458 1424 1493 verissimum
1458 1469 1537 1493 esse
1570 1458 1631 1493 vel
1665 1470 1686 1493 e
1719 1458 1942 1508 fragmentis

286 1528 391 1566 effici
432 1536 578 1576 potest,
617 1525 810 1576 siquidem
843 1527 1004 1574 Eupolis
1039 1527 1081 1561 in
1114 1538 1227 1562 versu
1262 1538 1282 1561 a
1316 1525 1443 1561 Schol.
1478 1525 1624 1561 Victor.
1661 1535 1810 1561 servato
1843 1526 1943 1574 apud

285 1597 486 1644 Heynium
522 1595 570 1631 ad
603 1595 711 1631 Iliad.
747 1597 791 1632 Τ.
824 1597 887 1630 VI.
926 1607 963 1643 p.
1000 1598 1086 1639 646.
1128 1593 1395 1630 Aristarchum
1429 1590 1625 1641 στξατηγέν
1651 1592 1943 1631 Atheniensium

288 1672 586 1717 commemorat,
623 1676 739 1711 quem
775 1663 1026 1710 imperatorio
1062 1674 1221 1697 munere
1254 1660 1433 1696 functum
1467 1672 1545 1694 esse
1580 1660 1732 1707 Olymp.
1765 1664 1880 1705 XCII,
1911 1675 1942 1698 1.

287 1733 389 1769 infra
430 1731 667 1768 docebimus.
720 1734 855 1779 Itaque
893 1730 1019 1766 multo
1059 1729 1182 1777 magis
1222 1727 1270 1762 ad
1309 1736 1530 1774 temporum
1568 1727 1735 1763 rationes
1773 1730 1944 1776 apposita

289 1809 400 1841 sunt,
444 1811 541 1847 quae
575 1798 729 1841 Suidas,
770 1799 865 1833 alios
900 1806 1075 1833 auctores
1109 1803 1312 1843 sequium,
1354 1794 1401 1830 de
1438 1793 1549 1829 obitu
1574 1795 1773 1842 Eupolidis
1799 1806 1944 1833 narrat:

289 1864 453 1910 οἱπέθοᾳνε
489 1864 588 1901 noerae*
619 1863 878 1906 Ἑλλήσποντον
914 1866 945 1900 ἐν
971 1863 1020 1910 τῷ
1054 1862 1139 1912 πρός
1174 1857 1460 1908 Λακεδαιμονίους
1486 1863 1639 1908 πολέμῳ,
1674 1865 1736 1899 κα)
1762 1864 1799 1900 ἐκ
1824 1863 1945 1902 τούτου

291 1933 450 1976 ἐκωλύθη
493 1930 758 1985 στρατεύεσθαι
792 1931 940 1975 ποιητήν.
969 1932 1023 1978 **)
1078 1930 1226 1980 Quibus
1269 1928 1393 1966 verbis
1436 1929 1529 1979 quin
1569 1939 1635 1966 aut
1677 1931 1837 1969 celebris
1877 1934 1943 1971 illa

333 2097 366 2137 ⁶)
391 2099 508 2131 Eodem
535 2097 660 2129 suerunt
681 2097 734 2139 qui
754 2096 912 2129 traherent
933 2094 1035 2126 Ovidii
1053 2094 1144 2126 verba
1164 2095 1195 2126 in
1215 2095 1287 2126 lbid.
1309 2095 1376 2126 593.
1418 2093 1601 2126 Comicus
1628 2096 1665 2126 in
1694 2095 1855 2136 liquidis
1885 2109 1946 2139 pe-

399 2147 468 2175 riit
490 2146 575 2175 dum
596 2145 715 2175 nabat
736 2145 772 2176 in
795 2144 929 2181 undis,
950 2143 1000 2173 Et
1021 2149 1086 2173 tua
1108 2143 1162 2173 sic
1184 2143 1341 2185 stygius
1363 2142 1588 2184 strangulet
1608 2153 1674 2174 ora
1694 2143 1834 2184 liquor.
1857 2144 1947 2182 Quae

401 2192 510 2222 rectius
533 2193 569 2222 de
589 2192 757 2223 Menandro
779 2192 889 2234 capias.
913 2192 951 2221 V.
971 2190 1093 2233 Proleg.
1116 2191 1152 2220 ad
1173 2191 1328 2221 Menandr.
1350 2201 1380 2231 p.
1400 2189 1495 2220 XXV.

336 2239 391 2279 ω>
418 2240 467 2271 De
495 2239 549 2270 hae
577 2239 645 2281 lege
673 2241 725 2281 qui
751 2246 873 2283 praeter
899 2239 1023 2271 saidam
1045 2239 1201 2270 tradiderit
1223 2239 1285 2270 scio
1306 2238 1467 2269 neminem.
1510 2235 1682 2269 Choreutas
1701 2247 1822 2268 vacasse
1842 2237 1947 2269 militia

399 2293 510 2318 notum
531 2292 585 2316 est.
605 2288 642 2317 V.
664 2288 756 2319 Petiti
775 2289 872 2331 Legg.
893 2287 958 2317 Au.
980 2298 1011 2327 p.
1033 2286 1101 2317 555.
