2155 2624
238 229 305 278 qui
332 227 461 271 video,
488 226 559 262 nisi
586 234 629 261 ut
657 223 856 272 Eupolidis
881 223 1052 261 fabulam
1082 226 1234 273 Olymp.
1251 228 1347 270 XCI,
1379 239 1410 263 1.
1431 227 1536 264 “ludis
1557 226 1797 265 Liberalibus
1825 240 1888 264 ur-

237 297 368 338 banis,
408 294 529 329 tribus
557 302 643 328 ante
669 293 837 346 Siculam
865 293 1153 340 expeditionem
1179 294 1394 336 mensibus,
1436 305 1560 331 actam
1596 309 1692 339 esse,
1732 296 1889 344 ejusque

239 369 506 413 argumentum
525 373 612 398 -non
639 360 681 396 in
708 361 981 407 mysteriorum
1007 360 1228 404 violatione,
1255 360 1322 396 sed
1347 361 1387 396 in
1406 363 1668 408 Cotyttiorum
1696 376 1890 401 sacrorum

239 441 277 467 et
301 428 509 466 Alcibiadis
537 427 692 476 ejusque
719 428 916 464 sociorum
941 428 1120 463 irrisione
1145 428 1317 475 positum
1343 427 1459 464 fuisse
1492 437 1711 467 statuamus.

338 501 430 535 Non
463 497 588 533 multo
624 496 817 532 minorem
855 494 1115 531 celebritatem
1149 495 1284 543 adepta
1314 504 1377 531 est
1411 495 1539 532 fabula
1574 494 1695 543 Δήμων
1725 499 1891 535 momine

236 566 441 614 inscripta,
481 565 586 610 cujus
622 573 891 614 argumentum
928 564 1037 612 quale
1074 563 1189 599 fuerit
1206 577 1235 599 »e
1256 563 1485 613 >fragmentis
1513 564 1801 613 quodammodo
1830 579 1892 603 co·

237 635 374 687 gnosci
406 634 561 682 poterit.
614 637 717 669 Nam
751 642 908 668 mortuo
942 632 1087 668 Pericle
1115 633 1174 669 Ol.
1202 635 1426 676 LXXXVII,
1452 641 1488 677 4.
1512 645 1610 668 *cum
1636 634 1892 681 pessimorum

237 703 445 741 hominum
481 701 649 737 consiliis
684 701 882 737 civitatem
917 701 1055 736 misere
1091 699 1268 737 afflictam
1295 700 1441 737 videret
1466 710 1593 748 poeta,
1621 701 1687 737 cfr.
1710 701 1891 738 Valcken-

238 772 361 810 Diatr.
388 783 425 819 p.
456 781 555 815 255„
581 769 733 806 nobiles
759 770 858 814 illos,
887 783 1053 819 quorum
1081 770 1176 806 olim
1204 770 1323 806 ductu
1348 768 1565 806 felicissime
1593 770 1723 807 civitas
1750 769 1893 807 florue-

237 849 315 883 rat,
354 838 602 887 publicarum
634 851 764 874 rerum
798 839 983 874 antistites
1017 846 1056 874 et
1087 847 1390 887 propugnatores
1417 839 1621 882 Solonem,
1659 838 1893 881 Miltiadem,

238 907 450 946 Aristidem
479 916 517 943 et
543 907 728 943 Periclem
756 920 803 943 ex
829 907 960 943 inferis
989 906 1172 942 excitatos
1198 907 1240 941 in
1267 916 1417 942 scenam
1442 907 1639 954 produxit,
1675 920 1813 957 eosque
1845 906 1895 944 de

240 976 356 1013 rebus
393 975 442 1011 ad
475 975 532 1011 rei
565 975 743 1022 publicae
777 974 1148 1010 administrationem
1172 973 1433 1021 spectantibus
1459 974 1715 1023 interrogatos
1740 988 1895 1023 respon-

242 1045 450 1091 dentesque
490 1042 678 1078 exhibuit.
745 1043 873 1079 Schol.
906 1042 1083 1078 Aristidis
1118 1044 1195 1078 MS.
1231 1042 1333 1090 apud
1365 1042 1544 1079 Valcken.
1578 1043 1700 1080 Dia-tr.
1735 1055 1772 1091 p.
1810 1054 1895 1088 252.

240 1108 391 1150 Εὔπολις
425 1111 579 1150 ἐποίησεν
613 1107 818 1146 οἱνοιστοέντοι
851 1107 909 1145 τοῖν
936 1104 1128 1149 Μιλτιάδην
1154 1111 1215 1144 κα)
1240 1106 1441 1159 Ἀριστείδην
1467 1112 1528 1147 καὶ
1553 1112 1688 1147 reama
1705 1112 1775 1146 ’καὶ
1800 1112 1897 1160 Περι·

241 1182 343 1223 κλέοι,
370 1179 440 1214 ubi
466 1190 537 1225 pro
567 1178 750 1213 Gelone
776 1178 1045 1213 Valckenarius
1074 1179 1320 1222 Solonem,
1347 1178 1546 1225 Elmslejus
1573 1179 1620 1215 ad
1640 1180 1770 1226 Eurip.
1787 1178 1895 1215 Med.

245 1257 330 1292 589.
365 1245 615 1282 Cimonem
640 1245 822 1293 reposuit.
849 1248 968 1281 Recte
994 1244 1279 1281 Valckenarius.
1332 1247 1434 1280 Nam
1459 1245 1644 1281 Aristides
1673 1248 1776 1281 Orat.
1803 1246 1896 1281 Plat.

244 1319 291 1352 11.
327 1318 372 1351 Τ.
409 1318 474 1350 111.
507 1326 543 1360 p.
581 1322 665 1357 574.
702 1324 732 1347 c.
765 1311 842 1358 (ed.
880 1316 984 1348 Cant.
1013 1324 1044 1348 a.
1076 1311 1201 1357 1604.)
1235 1309 1299 1348 τῶν
1325 1310 1476 1358 κώμικῶν
1501 1325 1560 1356 τις,
1592 1313 1732 1362 inquit,
1761 1312 1897 1354 ἐποίησε

243 1386 417 1433 τέτταρας
450 1379 514 1418 τῶν
546 1377 752 1432 vrgao-rm&
785 1377 990 1423 οὶνεο-τῶτας,
1026 1379 1063 1416 ἐν
1090 1376 1154 1420 οἷς
1181 1375 1251 1415 δύο
1277 1375 1436 1416 τούτων
1461 1380 1612 1417 ἔνεισιν
1637 1381 1662 1417 i.
1691 1394 1723 1418 e.
1751 1392 1898 1425 eorum,

243 1464 316 1500 pro
345 1449 484 1498 quibus
511 1458 592 1484 tota
619 1449 691 1483 ista
717 1447 896 1483 Aristidis
925 1448 1050 1482 oratio
1072 1456 1209 1483 contra
1235 1448 1405 1484 Platonis
1433 1449 1720 1485 criminationes
1747 1450 1899 1486 incor-

244 1521 305 1570 gia
333 1517 366 1566 §.
399 1529 482 1563 151.
508 1530 545 1566 p.
577 1527 661 1562 515.
691 1515 727 1552 d.
758 1513 839 1560 (cfr.
868 1515 1060 1552 Plutarch.
1088 1515 1201 1553 Arist.
1232 1514 1307 1562 25.)
1337 1514 1438 1553 dicta
1467 1525 1533 1561 est,
1569 1516 1772 1561 Miltiadis,
1798 1516 1899 1555 The-

185 1587 188 1590 ’
245 1586 445 1627 mistoclis,
480 1584 654 1619 Cimonis
688 1592 726 1618 et
759 1584 927 1618 Periclis.
983 1586 1068 1631 Quo
1104 1584 1252 1619 accedit
1277 1585 1458 1627 Platonii,
1486 1585 1553 1632 qui
1580 1585 1624 1619 ad
1652 1585 1750 1620 hanc
1777 1586 1899 1632 ipsam

247 1654 418 1692 fabulam
451 1652 631 1700 respexit,
673 1651 877 1687 auctoritas
910 1651 952 1686 in
986 1650 1128 1698 scripto
1162 1650 1211 1686 de
1246 1649 1458 1686 Comoedia
1491 1663 1530 1698 p.
1563 1653 1715 1687 XXVII.
1750 1650 1819 1687 ubi
1852 1651 1900 1689 de

246 1722 450 1770 Eupolide,
478 1721 572 1756 haec
600 1719 715 1755 verba
748 1719 899 1767 posuit:
934 1717 1131 1767 ἀναγαγεῖν
1165 1716 1279 1759 ἱκανές
1305 1714 1345 1754 ὢν
1372 1715 1412 1767 ἐξ
1438 1713 1523 1766 ᾅδου
1549 1716 1794 1766 νομοθετῶν
1820 1716 1900 1769 vrgo‘.

249 1802 355 1827 σωποι
391 1790 452 1824 καὶ
487 1782 522 1824 δι’
556 1785 665 1822 αὐτῶν
702 1783 942 1835 εἰσηγούμενος
977 1782 999 1828 ἢ
1030 1788 1108 1835 περ)
1140 1783 1272 1825 θέσεως
1305 1783 1410 1833 νόμων
1435 1782 1455 1828 ἦ
1481 1783 1718 1830 καταλύσεως,
1744 1787 1811 1822 vix
1836 1787 1901 1823 ille

247 1850 486 1907 legislatores
522 1854 568 1890 ab
603 1854 794 1901 Eupolide
830 1854 1015 1889 excitatos
1049 1853 1164 1889 fuisse
1200 1853 1384 1897 dicturus,
1411 1854 1486 1889 nisi
1511 1854 1692 1890 solonem
1719 1854 1834 1890 etiam
1859 1855 1901 1890 in

248 1927 295 1964 iis
322 1937 343 1962 a
369 1931 487 1973 poeta
515 1930 861 1958 commemoratum
888 1933 967 1956 esse
994 1920 1242 1957 meminisset.
1269 1920 1329 1958 Ad
1356 1921 1516 1958 eandem
1542 1920 1709 1959 fabulam
1735 1922 1903 1971 respexit

250 1995 366 2032 etiam
379 1990 628 2040 Aphthonius
641 1991 755 2038 Prog.
782 2000 820 2036 p.
839 2000 897 2034 37.
925 1992 1027 2026 Cam.
1054 1985 1272 2026 εἰδωλοποιία.
1296 1987 1317 2032 ἡ
1341 1987 1525 2041 πξόσωπον
1549 1991 1610 2038 μὲν
1635 1992 1768 2039 ἔχουσα
1794 1989 1902 2041 ’γνώρι-

252 2075 323 2108 μον,
349 2056 488 2098 τεθνεές
515 2052 550 2094 δὲ
577 2059 638 2093 κοι)
662 2055 725 2092 τοῦ
750 2058 863 2104 λέγειν
888 2054 1123 2103 παυσάμενον,
1150 2054 1194 2097 ὠς
1219 2057 1251 2093 ἐν
1282 2055 1408 2104 Δήμοις
1432 2055 1586 2098 Εὔπολις
1609 2059 1763 2095 ἔπλασεε
1797 2058 1902 2107 quod

253 2128 419 2175 Eupoli-n
455 2125 602 2162 Cratini
637 2125 816 2172 exemplo
851 2123 1003 2167 fecisse,
1043 2125 1110 2173 qui
1144 2134 1182 2161 et
1211 2126 1296 2174 ipse
1323 2126 1504 2163 Solonem
1530 2139 1579 2163 ex
1603 2126 1734 2163 inferis
1762 2127 1903 2163 excita·

254 2203 372 2239 verat,
399 2194 511 2245 docet
536 2194 644 2230 locus
671 2192 774 2242 apud
789 2192 906 2241 Diog.
933 2194 1057 2229 Laert.
1083 2192 1171 2230 Lib.
1198 2196 1227 2238 1,
1256 2197 1315 2231 σο.
1365 2193 1521 2231 Periclis
1549 2206 1597 2231 ex
1621 2197 1723 2232 0100
1749 2194 1902 2231 adscen-

254 2274 345 2300 sum
370 2262 510 2297 iterum
536 2261 665 2310 tetigit
691 2260 876 2298 Aristides
902 2263 946 2297 T.
973 2262 1038 2297 ΙΙΙ.
1065 2273 1102 2309 p.
1128 2270 1214 2307 453.
1241 2264 1280 2298 B.
1305 2255 1415 2302 οὐδεὶς
1439 2255 1476 2303 ἧν
1501 2260 1595 2302 ὅστις
1618 2262 1682 2298 οὐκ
1708 2257 1750 2297 οἳν
1776 2258 1902 2309 εὔξατο

255 2326 447 2370 οἱνοιστῆνοιι
481 2326 709 2374 (Periclem),
737 2326 825 2364 ὥστε
852 2323 917 2363 κᾶν
942 2331 1013 2368 τοῖς
1040 2322 1209 2377 δροίμοισιν
1234 2326 1278 2369 αἷς
1302 2327 1483 2365 οἰνεστὰἳτα
1507 2327 1645 2378 ὁρῶντες
1671 2327 1901 2375 εὐφραίνοντο,
