2155 2624
1056 50 1125 97 21

267 144 373 182 Hinc
398 144 502 180 idem
529 154 618 178 eum
644 136 870 190 roeqgomd‘ysv
896 141 993 178 dixit
1008 145 1101 178 Ran.
1118 152 1202 187 357.
1229 141 1299 178 ubi
1324 141 1463 189 procul
1489 139 1618 175 abesse
1643 138 1752 184 jubet
1777 150 1914 186 mysta-

267 225 357 249 rum
383 212 535 253 chorus,
563 210 778 258 quicunque
792 213 992 246 Musarum
1020 211 1138 260 orgiis
1164 223 1244 246 non
1270 210 1442 245 initiatus
1469 210 1529 252 sit,
1556 204 1643 254 μηδὲ
1669 209 1833 257 Κρατίνου
1857 207 1917 243 τοῦ

266 276 500 330 ταυροφάγου
533 274 690 326 ’γλώττης
724 275 875 325 βακχεῖ’
910 276 1099 323 ἐτελέσθη,
1153 279 1202 315 ad
1236 290 1333 327 quae
1363 276 1483 313 verba
1508 276 1676 324 respexit
1702 279 1831 323 Etym.
1857 277 1915 311 M.

267 360 305 396 p.
343 356 429 390 747‚
463 357 522 391 50.
576 344 819 394 Ταυξοφοέγον
849 343 906 382 τᾶν
940 344 1097 382 Διόνυσον
1128 365 1182 373 -·
1215 345 1266 381 ὅτι
1304 348 1376 384 τοῖς
1413 341 1472 379 τᾶν
1509 339 1723 392 διθύραμβον
1759 341 1915 386 νικήσασι

270 412 356 460 βοῦς
382 408 521 459 ἐδίδοτο,
561 410 581 457 ἢ
606 412 662 451 τᾶν
689 411 839 462 ω’μηςήν,
873 413 939 461 ἀφ’
967 409 1006 450 03
1030 416 1093 450 καὶ
1120 414 1176 449 ἐπὶ
1203 415 1363 461 Κρατῖνον
1388 408 1587 459 μετήνεκται
1613 410 1654 447 τέ
1680 425 1795 459 ονομα.
1841 412 1917 449 Vix

268 491 372 518 recte
404 484 522 531 igitur
554 483 680 519 Schol.
714 487 809 531 Equ.
846 490 932 526 524.
968 482 1180 517 dictionem
1214 480 1369 516 Cratino
1397 479 1536 515 tribuit
1568 479 1841 527 simplicem
1876 489 1916 516 et

270 551 561 594 inornatam,
595 551 775 597 deceptus
808 549 914 585 haud
942 548 1058 584 dubie
1086 547 1177 584 falsa
1203 548 1515 596 interpretatione
1542 548 1750 584 verborum
1777 543 1830 583 διαὶ
1853 546 1917 582 τῶν

269 617 413 665 α’φελῶν
445 613 575 654 πεδίων.
628 618 699 654 Cui
724 625 912 666 repugnat
938 616 1055 653 etiam
1081 616 1126 659 is,
1161 629 1276 665 quem
1304 616 1438 652 Suidas
1464 628 1492 652 s.
1520 630 1555 654 v,
1581 619 1744 665 Κρατῖνες
1770 615 1916 663 compi-

269 687 373 729 lavit,
407 686 476 721 ubi
511 682 678 734 λαμπςὲς
702 681 759 719 τέν
784 682 999 735 χαρακτῆρσι
1024 684 1185 727 dicitur,
1221 684 1326 732 quod
1352 697 1430 720 non
1457 684 1583 720 minus
1609 684 1658 719 ad
1683 683 1918 719 elocutionis

269 755 459 791 rationem
486 764 601 801 quam
628 751 675 787 ad
702 752 936 788 inventionis
963 753 1145 788 virtutem
1172 762 1327 800 spectat.
1354 756 1396 789 In
1423 761 1639 787 metrorum
1663 752 1811 787 ratione
1836 763 1918 787 non

270 823 397 858 minus
425 821 607 870 grandem
636 829 675 856 et
700 820 948 870 magnificum
974 821 1089 856 fuisse
1105 822 1301 857 Cratinum
1319 833 1410 856 vero
1426 830 1483 855 est
1504 820 1759 862 simillimum,
1787 832 1919 867 quam·

272 902 386 939 quam
421 889 658 937 paucissima,
693 901 790 937 quae
824 889 904 935 ejus
929 889 986 925 rei
1011 889 1153 925 indicia
1179 889 1398 937 praebeant,
1427 889 1676 924 choricorum
1704 888 1921 924 carminum

272 957 488 1006 fragmenta
513 965 656 991 servata
684 965 782 992 sunt.
837 957 1067 999 Cratineum,
1096 957 1200 1005 quod
1226 957 1485 1005 grammaticis
1514 956 1642 992 dicere
1655 956 1814 1003 placuit,
1841 967 1921 990 me—

271 1035 376 1061 trum
402 1025 532 1072 paullo
559 1024 783 1072 antiquioris
810 1037 890 1060 esse
924 1024 1092 1073 originis,
1123 1025 1201 1069 jam
1227 1036 1338 1071 supra
1365 1024 1600 1059 monuimus.
1653 1028 1696 1060 In
1723 1023 1921 1059 invenien-

273 1093 329 1130 dis
363 1092 686 1139 disponendisque
718 1091 935 1128 fabularum
968 1092 1204 1141 argumentis
1238 1092 1358 1141 qualis
1393 1092 1528 1135 fuerit,
1581 1092 1694 1128 docet
1720 1091 1919 1128 Platonius

270 1160 296 1195 1.
323 1160 348 1193 l.
374 1171 411 1205 p.
425 1161 577 1193 XXVII.
606 1155 775 1204 εὔστοχος
801 1155 842 1193 ὣν
868 1159 899 1193 ἐν
923 1162 1002 1198 ταῖς
1028 1157 1213 1202 ἐπιβολαῖς
1237 1157 1301 1193 τῶν
1328 1155 1510 1207 ὃςαμοίτων
1535 1162 1597 1193 καὶ
1624 1156 1922 1201 διασκευωῖς,εῗτοι

273 1225 394 1278 πξσὶϊδν
420 1228 482 1262 κα)
509 1220 659 1262 διασπῶν
684 1223 747 1265 τοίς
772 1223 955 1267 ὑποθέσεις
980 1225 1040 1262 οὐκ
1066 1223 1270 1266 ἀκολούθως
1302 1229 1431 1276 πληροῖ
1461 1224 1511 1263 τα)
1543 1221 1721 1276 δράματα.
1774 1225 1923 1275 Quibus

274 1295 400 1331 verbis
429 1292 619 1343 significat
645 1303 788 1337 auctor,
816 1294 1014 1331 Cratinum
1039 1295 1081 1329 in
1114 1294 1353 1330 inveniendis
1387 1294 1544 1342 quidem
1572 1295 1809 1343 argumentis
1836 1293 1922 1330 feli-

275 1363 423 1400 cissime
451 1375 528 1398 esse
562 1370 765 1405 versatum,
802 1362 868 1398 sed
902 1362 1070 1398 eundem
1096 1362 1138 1398 in
1163 1374 1369 1411 progressu
1395 1362 1546 1398 fabulae
1571 1363 1722 1410 impetu
1748 1361 1921 1398 ablatum

275 1433 435 1469 actionis
461 1431 650 1467 rationem
676 1430 859 1472 turbasse,
886 1439 925 1465 et
951 1442 1067 1478 quam
1094 1442 1200 1465 orsus
1227 1439 1307 1465 erat
1334 1430 1380 1466 ab
1407 1431 1522 1466 initio
1550 1431 1765 1480 argumenti
1789 1431 1922 1472 telam,

275 1513 354 1537 non
389 1499 441 1534 ita
474 1497 719 1545 pertexuisse,
750 1507 795 1534 ut
827 1509 975 1534 summa
1009 1506 1105 1534 esset
1139 1498 1378 1548 singularum
1411 1498 1582 1546 partium
1614 1498 1662 1535 ad
1694 1506 1845 1535 certum
1871 1497 1923 1534 fa-

276 1569 390 1606 bulae
415 1565 533 1603 finem
563 1566 807 1612 conspiratio.

378 1638 422 1672 In
448 1642 551 1671 tanta
577 1633 725 1683 ingenii
750 1633 916 1684 artisque
940 1634 1169 1683 praestantia
1194 1645 1275 1671 non
1301 1633 1445 1670 mirum
1466 1642 1535 1678 est,
1559 1634 1748 1682 plurimos
1767 1633 1922 1671 Cratino

279 1704 459 1755 obtigisse
485 1716 564 1739 non
589 1701 710 1739 modo
737 1701 983 1739 admiratores
1007 1702 1074 1739 sed
1101 1703 1217 1739 etiam
1242 1702 1467 1739 imitatores.
1507 1705 1559 1738 Ut
1583 1702 1781 1739 Lucilium
1808 1701 1922 1737 omit·

279 1784 369 1815 tam,
398 1785 512 1820 quern
540 1771 588 1807 ad
614 1770 759 1807 Cratini
787 1779 1080 1820 ceterorumque
1106 1770 1285 1819 antiquae
1313 1770 1538 1807 comoediae
1562 1779 1761 1818 poetarum
1795 1769 1923 1804 imita-

282 1843 429 1877 tionem
455 1851 494 1874 se
522 1839 781 1886 composuisse
806 1839 992 1876 Horatius
1019 1847 1179 1875 testatur
1203 1838 1312 1876 Satir-
1338 1841 1369 1883 1,
1401 1849 1439 1884 4.
1459 1840 1525 1882 in.,
1551 1839 1654 1875 inter
1676 1850 1831 1886 graecos
1860 1849 1924 1873 co-

380 2014 509 2046 εὐναὶ-’ἵν
527 2015 610 2045 malit
630 2026 686 2056 pro
698 2014 859 2052 Εὖμυίῗω,
878 2025 956 2056 qnae
976 2016 1080 2047 fabula
1099 2016 1240 2048 laudatur
1259 2016 1350 2048 etiarn
1371 2015 1408 2046 ab
1426 2016 1476 2046 Jo.
1495 2012 1657 2045 Alexandr.
1679 2013 1718 2045 de
1739 2024 1802 2044 ace.
1823 2025 1854 2055 p.
1876 2014 1923 2045 29.

381 2062 575 2101 Quamquam
594 2062 626 2092 in
641 2061 742 2091 Enni
748 2061 805 2092 dis
824 2061 974 2101 ejusmodi
993 2063 1159 2095 cantilenas
1179 2062 1351 2104 complures
1372 2062 1462 2092 fuisse
1482 2071 1518 2091 ex
1535 2060 1631 2091 titulo
1650 2060 1772 2091 fabulae
1784 2067 1816 2091 et
1828 2060 1923 2092 Athe-

380 2108 449 2142 naei
468 2108 580 2140 indicio
601 2108 668 2141 Lib.
687 2108 753 2140 XV.
773 2119 804 2150 p.
824 2107 892 2140 698.
913 2119 939 2140 c.
961 2119 1024 2140 non
1044 2109 1122 2142 male
1143 2109 1296 2151 conjicias.
1334 2109 1386 2140 De
1402 2107 1495 2140 titulo
1516 2108 1601 2149 quod
1620 2107 1689 2147 dixi,
1719 2106 1842 2140 laudare
1861 2107 1914 2139 suf

381 2156 462 2187 ficiat
478 2155 608 2197 Etymol.
628 2157 670 2186 Μ.
691 2167 722 2197 p.
743 2156 811 2193 393,
831 2155 879 2186 35.
918 2155 1053 2193 Εὖηῒῖιι,
1072 2157 1147 2192 γένος
1163 2156 1292 2196 Ἀθιίνῃσι
1309 2154 1456 2192 μονσικέι.
1499 2155 1569 2186 Alia
1587 2156 1666 2186 ratio
1685 2155 1923 2197 Kannegiel'sero

383 2202 498 2247 placuit
526 2203 558 2235 in
584 2202 663 2235 li‘bru
691 2203 731 2235 de
758 2200 847 2234 Com.
867 2202 933 2234 Act
953 2214 984 2246 p.
1004 2200 1072 2235 446.
1094 2203 1147 2245 qui
1166 2202 1285 2234 fabulae
1305 2201 1429 2234 titulum
1448 2202 1580 2234 reddidit
1599 2202 1661 2234 die
1679 2200 1923 2235 Beischlife·

381 2250 540 2285 rinnen!
