2155 2624
1060 61 1132 115 26

270 164 429 201 Suidam
455 162 655 200 tradiderit
680 162 772 197 novi
798 161 1006 197 neminem.
1068 165 1120 198 At
1152 161 1252 198 bene
1284 163 1465 199 novimus
1497 163 1699 212 Epilycum
1735 163 1925 211 antiquae,

270 242 317 269 ut
342 233 440 269 infra
467 231 700 272 docebimus,
736 230 962 265 comoediae
987 238 1153 277 poetam.
1207 233 1267 265 De
1301 239 1423 265 aetate
1460 230 1621 267 Cratetis
1654 232 1687 267 si
1721 231 1925 280 quaeritur,

273 300 559 337 Groddeckium
586 299 686 333 Hist.
715 298 813 333 liter.
841 310 878 345 p.
909 302 990 333 160.
1022 298 1089 346 qui
1115 298 1271 345 persicis
1304 310 1393 333 eum
1415 296 1527 333 bellis
1549 301 1787 346 superiorem
1812 299 1927 335 fuisse

272 368 397 418 fi‘ngit,
424 367 586 401 meliora
613 365 751 401 docere
778 374 931 413 poterat
957 366 1229 412 Aristophanes
1257 366 1385 413 Equit.
1415 374 1500 410 554.
1529 378 1582 414 sq.
1617 376 1706 413 post
1733 368 1926 404 Cratinum

274 448 361 472 euni
396 446 717 478 commemorans,
755 434 862 480 cujus
898 447 986 470 eum
1021 434 1252 470 histrionem
1287 433 1403 469 fuisse
1437 434 1555 469 tradit
1588 434 1634 470 ad
1661 435 1926 483 Aristophanis

270 505 401 540 locum
419 504 669 539 scholiastes:
697 498 875 549 κωμῳδίας
900 497 935 543 ἦν
960 500 1099 543 ‘tremi-235
1124 499 1162 542 ἒς
1183 501 1315 551 ’πρῶτος
1340 503 1429 551 (leg.
1444 501 1590 551 πςῶτσν)
1617 500 1819 550 &venetiano
1847 501 1925 551 (τοί)

268 573 445 621 Κρατίνου,
473 573 533 605 καὶ
560 568 665 609 onita}
689 569 828 620 ἔστεξεν
854 568 992 611 ’ποιητής
1017 572 1161 617 ἐγένετο.
1190 571 1335 618 Quibus
1359 570 1476 618 junge
1491 574 1680 615 Anonym.
1700 570 1746 605 tle
1764 569 1873 606 Com.
1888 583 1926 617 p.

270 641 409 675 XXIX.
427 637 543 673 τοῦτον
557 635 739 686 ὑποκριτήν
756 641 849 684 φασι
867 639 1042 686 ’γεγονέναι
1056 635 1099 673 ‘rox
1113 636 1256 686 πρῶτεν,
1279 634 1315 676 ὃς
1332 635 1546 681 ἐπιβέβληκε
1561 639 1721 686 Κρατίνῳ.
1749 637 1928 685 Denique

270 716 314 742 ut
348 706 473 742 omnis
510 704 701 741 dubitatio
739 708 909 749 tollatur,
946 706 1132 742 Eusebius
1162 706 1208 741 ad
1237 706 1391 753 Olymp.
1417 709 1608 749 LXXXII,
1636 716 1671 750 4.
1710 705 1925 752 adscripsit:

271 778 432 811 Crates
473 774 693 810 comicus
734 784 781 810 et
818 775 1039 810 Praxilla
1084 773 1162 821 (sic
1198 774 1302 809 enim
1336 773 1542 823 legendum
1576 786 1645 822 pro
1672 772 1926 820 Telesilla)

271 843 709 893 cognoscebantur.
749 844 822 879 Sed
852 843 1141 879 Groddeckium
1168 843 1331 885 seduxit,
1358 843 1398 877 ni
1425 842 1549 885 fallor,
1578 842 1792 878 Aristotelis
1818 842 1927 877 locus

270 912 318 948 de
344 915 426 947 Art.
453 914 558 947 Poet.
581 914 624 953 V,
651 922 682 954 5.
712 912 750 946 in
780 924 858 959 quo
886 912 938 947 ita
968 919 1294 947 commemoratur
1320 909 1460 953 Crates,
1486 918 1541 953 ut,
1568 910 1640 945 nisi
1669 911 1739 946 alia
1767 910 1815 946 de
1842 913 1928 946 Cra-

270 981 358 1015 tetis
391 988 511 1014 aetate
539 979 681 1013 indicia
712 979 952 1022 haberemus,
976 992 1055 1014 non
1078 982 1238 1015 mirarer
1260 979 1452 1026 equidem,
1478 978 1510 1013 si
1536 978 1619 1025 quis
1644 979 1748 1013 hunc
1770 977 1928 1013 Cratino

271 1056 394 1083 aetate
428 1046 663 1094 superiorem
701 1045 814 1082 fnisse
848 1047 921 1082 sibi
957 1047 1219 1095 persuaderet:
1264 1045 1325 1082 τεῦ
1360 1041 1394 1081 δὲ
1420 1042 1554 1093 μύθους
1580 1048 1683 1081 ποιεῖν
1709 1044 1928 1095 Ἐπίχαρμος

269 1117 330 1150 καὶ
367 1112 500 1163 Φόξμς
528 1108 643 1164 ἧξξαν.
670 1112 711 1149 τέ
737 1114 797 1160 μὲν
823 1109 877 1150 σῧν
903 1114 1034 1164 πρῶτον
1062 1116 1099 1150 ἐκ
1130 1115 1293 1154 Σικελίας
1319 1108 1420 1156 ἦλθε.
1447 1113 1511 1149 τῶν
1539 1109 1573 1149 δὲ
1599 1110 1763 1163 Ἀθήνῃσι
1790 1111 1928 1163 Κξαίτης·

268 1181 402 1232 πξῶτσς
438 1176 544 1231 ἷξξεν,
585 1180 760 1227 ἀφέμενος
798 1181 859 1222 τῆς
900 1180 1067 1228 impasti-Hir
1108 1178 1209 1224 ἰδέας,
1248 1178 1412 1217 καθόλου
1447 1178 1576 1228 λόγους
1609 1176 1630 1221 ἢ
1655 1178 1788 1226 μύθους
1812 1183 1926 1215 ποιεῖν.

270 1249 349 1285 Ubi
385 1251 451 1297 qui
485 1247 587 1295 λέγω
621 1245 640 1290 ἦ
673 1246 780 1295 μῦθοι
815 1238 1188 1292 commemorantur,
1233 1252 1480 1284 Hermannus
1513 1248 1560 1283 de
1593 1247 1784 1294 ejusmodi
1817 1260 1928 1297 argu-

270 1318 412 1355 mentis
439 1316 641 1359 intellexit,
671 1329 768 1364 quae
795 1317 980 1365 neglectis
1009 1317 1192 1352 conviciis
1219 1316 1605 1364 implicationem
1640 1317 1847 1365 aliquam
1883 1325 1928 1352 et

271 1385 573 1422 solutionem
600 1384 799 1427 haberent,
827 1385 904 1420 hoc
932 1393 989 1419 est
1016 1384 1064 1419 (le
1091 1384 1227 1420 fabulis
1254 1397 1345 1420 vere
1371 1384 1447 1420 hoc
1467 1384 1627 1420 nomine
1644 1384 1779 1434 dignis.
1807 1383 1928 1433 Atqui

269 1454 460 1501 ejusmodi
497 1452 643 1488 fabulas
679 1466 797 1501 quum
833 1452 910 1499 jam
945 1452 1147 1488 Cratinum
1182 1454 1223 1488 in
1252 1466 1405 1488 scenam
1430 1453 1635 1500 protulisse
1663 1462 1824 1495 constet,
1852 1452 1927 1488 nisi

272 1523 357 1571 quis
386 1521 500 1556 etiarn
528 1520 630 1567 apud
656 1521 904 1557 Aristotelem
931 1534 1004 1569 pro
1032 1520 1184 1557 Cratete
1211 1520 1358 1557 Cratini
1386 1533 1530 1555 nomen
1556 1521 1694 1568 reponi
1720 1521 1826 1563 velit,
1854 1520 1927 1556 alia

271 1588 600 1637 interpretationis
635 1588 696 1623 via
728 1589 897 1625 ineunda
933 1598 999 1625 est.
1052 1593 1109 1625 Ac
1143 1590 1242 1624 mihi
1277 1588 1435 1636 quidem
1458 1588 1534 1623 hoc
1559 1587 1784 1624 Aristoteles
1811 1587 1927 1637 signi·

270 1654 387 1694 ficare
414 1656 580 1692 voluisse
613 1655 778 1700 videtur,
809 1669 898 1692 cum
933 1657 1108 1693 Cratinus
1145 1657 1339 1705 ceterique
1373 1655 1606 1704 antiquiores
1634 1656 1776 1698 comici
1802 1664 1927 1693 certos

272 1723 460 1773 quosdam
500 1725 677 1759 homines
712 1724 752 1759 in
788 1724 926 1760 fabulis
962 1725 1038 1760 suis
1073 1725 1325 1773 exagitassent
1356 1724 1580 1771 populoque
1617 1724 1796 1760 ridendos
1837 1736 1927 1772 pro-

271 1791 486 1840 pinassent,
526 1795 714 1827 Cratetem
750 1793 922 1839 primum
958 1792 1060 1839 apud
1096 1792 1348 1827 Athenienses
1378 1791 1566 1834 extitisse,
1606 1791 1672 1839 qui
1705 1792 1927 1839 Epicharmi

274 1859 452 1906 exemplo
488 1859 660 1894 comicae
692 1861 844 1906 poesios
877 1860 1079 1895 materiam
1116 1871 1136 1894 a
1170 1859 1411 1908 singulorum
1444 1859 1649 1895 hominum
1674 1859 1851 1896 irrisione
1878 1860 1927 1897 ad

276 1928 465 1976 generales
499 1939 658 1963 morum
691 1928 910 1963 notationes
945 1939 1154 1974 rerumque
1189 1927 1463 1975 descriptiones
1496 1928 1724 1972 traduceret,
1763 1941 1926 1978 quarum

279 2006 396 2042 quum
424 1996 511 2030 alias
540 2008 560 2030 e
588 1995 789 2031 communi
816 1995 1023 2030 hominum
1050 1995 1128 2030 vita
1156 1994 1245 2030 alias
1273 2004 1398 2031 autem
1436 2008 1456 2031 e
1488 1996 1748 2043 mythicarum
1781 1996 1926 2035 fabula-

277 2074 367 2098 rum
394 2063 500 2108 cyclo
527 2064 717 2110 petiisset,
752 2077 833 2099 non
861 2064 980 2106 male,
1008 2073 1052 2099 ut
1079 2063 1257 2111 equidem
1286 2065 1443 2111 opinor,
1484 2066 1707 2100 Aristoteles
1734 2064 1927 2103 Cratetem

277 2126 441 2165 καθόλου
474 2127 600 2176 λόγους
625 2128 644 2170 ἢ
668 2128 807 2178 μύθους
831 2129 976 2172 ποιῆσαι
1003 2130 1211 2179 perhibuit.
1266 2135 1320 2168 Ac
1353 2130 1585 2168 confirmant
1618 2132 1718 2169 hanc
1743 2134 1927 2181 interpre-

275 2198 467 2234 tationem
501 2198 786 2245 quodammodo
822 2212 882 2242 ea,
920 2212 1016 2248 quae
1050 2203 1274 2246 Anonymus
1307 2202 1387 2249 περ)
1419 2195 1603 2247 Κωμῳδίας
1636 2214 1672 2248 p.
1705 2203 1843 2237 XXIX.
1878 2200 1926 2236 de

276 2266 519 2308 Pherecrate,
548 2264 708 2303 Cratetis
735 2268 941 2313 imitatore,
970 2267 1145 2305 tradidit:
1173 2266 1323 2318 ἐζήλωκε
1351 2266 1524 2319 Κράτητα,
1557 2271 1620 2305 καὶ
1644 2267 1705 2305 τοῦ
1730 2267 1791 2314 μὲν
1823 2262 1926 2305 λοιδο-
