2155 2624
1043 57 1108 115 19

247 147 511 184 Aristarchum
537 145 718 182 nonnihil
744 157 881 194 operae
897 146 1050 182 Cratino
1076 146 1331 194 impertivisse
1357 145 1590 195 intelligitur
1611 146 1821 183 ePlatonio
1847 150 1895 186 de

249 219 353 252 Com.
382 217 585 263 p.XXV11.
603 215 706 263 Lips.
734 217 905 265 Κρατῖνος,
931 211 993 251 ἅτε
1020 210 1060 257 δὴ
1084 211 1181 251 κατεῖ
1205 212 1271 255 τοὶς
1297 212 1509 266 Ἀρχιλόχου
1537 210 1704 264 ζητήσεις,
1730 212 1898 265 αὐστηρδς

246 283 307 331 μὲν
339 287 416 323 ταῖς
448 278 626 333 λειδσρίαις
652 297 683 320 κ.
710 296 741 320 τ.
768 286 802 320 λ.
842 282 911 319 ubi
945 283 1186 320 casaubonus
1223 282 1271 319 ad
1303 286 1405 320 Pers.
1438 295 1476 331 p.
1514 287 1596 328 156.
1629 283 1734 319 miro
1767 295 1896 319 errore

244 352 371 399 lapsus
397 361 454 388 est
481 353 673 402 corrigens
699 349 798 387 κατα)
827 349 877 387 τοὶ
907 349 1119 400 Ἀρχιλόχου
1154 351 1211 391 ἔτη
1239 348 1360 399 ζήσας.
1413 350 1543 386 Scribe
1568 352 1698 398 potius
1724 348 1897 400 Ἀριστάρ-

243 432 312 466 χου
347 432 418 468 pro
451 418 668 471 Ἀρχιλόχου,
704 432 799 469 quae
832 419 992 455 nomina
1020 417 1333 467 frequentissimo
1362 430 1490 454 errore
1516 417 1616 454 inter
1641 431 1680 454 se
1706 418 1896 456 confundi

246 487 377 524 docuit
402 489 555 526 Ruhnk.
582 488 739 525 Praefat.
769 488 817 523 ad
842 486 1012 532 Hesych.
1040 497 1076 532 p.
1104 484 1233 532 V11.*)

346 557 542 593 Cratinum
574 556 616 591 in
653 564 733 590 arte
769 566 835 589 sua
867 553 1049 589 nonnihil
1081 553 1303 595 innovasse,
1336 553 1399 588 vel
1424 553 1505 588 sine
1532 561 1708 589 veterum
1734 554 1893 601 scripto-

244 636 331 659 rum
357 625 509 659 indiciis
536 622 739 671 probabile
767 630 884 667 esset3
912 632 1017 656 nunc
1044 620 1230 656 disertum
1258 620 1405 657 accedit
1420 621 1685 658 testimonium
1697 622 1895 669 Anonymi

243 690 290 726 de
318 695 423 727 Com.
450 703 488 738 p.
516 691 674 725 XXXII.
701 688 805 735 Lips.
835 687 901 736 qui
927 696 1132 736 postquam
1157 687 1295 723 rudem
1329 696 1369 724 et
1401 689 1589 724 incultam
1628 690 1894 738 antiquiorum

242 760 484 795 comicorum
509 758 700 793 rationem
728 757 923 807 attigisset,
958 757 1010 792 ita
1036 757 1181 806 pergit:
1216 754 1450 804 ἐπιγενόμενος
1483 750 1519 793 δὲ
1548 753 1569 793 ὁ
1600 758 1761 807 Κρατῖνος
1791 758 1890 795 κατέ·

240 838 348 866 στησε
374 824 434 871 μὲν
460 822 591 874 πρῶτον
616 822 666 861 ‘rot‘
691 824 722 860 ἐν
747 823 790 875 τῇ
815 820 974 872 κωμῳδίᾳ
1001 822 1174 874 πρόσωπα.
1198 826 1301 874 μέχρι
1327 823 1430 873 τριῶν,
1458 822 1637 867 συστήσας
1653 823 1711 867 τῆν
1730 823 1890 875 ἀταξίαν,

240 894 302 928 καὶ
331 890 380 939 τῷ
411 894 559 942 χαρίεντι
592 891 653 935 τῆς
685 889 862 940 κωμῳδίαις
893 891 936 929 *rc*
967 891 1141 940 ὠφέλιμον
1180 889 1378 942 προσέθηκε
1411 890 1491 933 τοῦς
1523 892 1642 934 κακῶς
1671 890 1892 943 πράττοντας

240 954 439 1005 διαβάλλων
483 962 545 996 καὶ
583 959 698 1010 ὥσπερ
739 955 888 1008 δημοσίᾳ
931 958 1079 1008 μάστιγι
1124 959 1167 1011 τῇ
1213 954 1373 1007 κωμῳδίᾳ
1418 958 1588 1009 κολάζων.
1659 965 1703 997 In
1751 962 1890 1010 quibus

240 1028 316 1064 duo
352 1038 440 1064 sunt
474 1042 568 1077 quae
602 1029 867 1076 praedicantur
901 1029 949 1065 de
986 1028 1153 1065 Cratino.
1205 1030 1393 1064 Actorum
1423 1028 1526 1064 enim
1555 1041 1762 1066 numerum
1788 1030 1890 1078 apud

237 1096 386 1143 priores
420 1097 684 1143 promiscuum
725 1095 796 1142 (τοὶ
820 1094 993 1146 πρόσωπα.
1018 1092 1175 1135 ἀτάκτως
1201 1092 1360 1142 εἰσ-ἦγον)
1400 1095 1453 1131 ita
1486 1096 1698 1141 constituit,
1733 1106 1779 1134 ut
1811 1106 1888 1135 tres

236 1172 387 1199 tantum
413 1164 530 1199 simul
555 1164 595 1199 in
621 1176 733 1199 scena
759 1175 944 1211 personae
971 1163 1293 1210 colloquerentur.
1348 1165 1589 1211 Quamquam
1620 1164 1699 1200 hoc
1731 1165 1889 1213 quidem

237 1244 285 1269 an
311 1244 389 1268 non
415 1244 506 1269 vere
532 1232 580 1269 de
607 1230 765 1268 Cratino
791 1230 1070 1280 praedi-caverit
1097 1230 1393 1274 Grammaticus,
1428 1239 1530 1267 certe
1557 1230 1725 1267 dubitari
1750 1240 1889 1281 potest,

235 1300 426 1348 siquidem
452 1300 610 1335 Aristot.
639 1300 686 1335 de
712 1302 794 1335 Art.
823 1302 928 1348 Poet.
955 1300 999 1341 V,
1031 1307 1067 1342 4.
1095 1299 1264 1347 ignorari
1292 1299 1388 1335 dicit
1412 1301 1464 1338 τίς
1488 1297 1535 1334 τοὶ
1558 1298 1731 1348 πρόσωπα
1758 1294 1888 1336 ἀπέδω-

234 1381 290 1403 κεν
323 1362 345 1408 ἦ
375 1363 572 1416 προλόγους
605 1361 624 1409 ἢ
655 1363 780 1409 πλήθη
814 1364 999 1415 ὑποκριτῶν
1026 1367 1088 1401 κει)
1113 1364 1183 1401 ὅσοι
1208 1365 1363 1402 τοιαῦτα.
1416 1367 1646 1415 Argumenti
1672 1376 1802 1403 autem
1827 1380 1886 1404 ra·

234 1435 382 1470 tionem
421 1435 475 1469 ita
515 1434 754 1477 immutavit,
795 1444 839 1470 ut
880 1446 1000 1483 quum
1038 1434 1272 1482 antiquiores
1306 1433 1448 1469 comici
1482 1433 1620 1469 fabulis
1654 1434 1730 1470 suis
1763 1436 1886 1471 risum

235 1502 403 1539 maxime
429 1502 637 1550 jocumque
665 1511 885 1550 captassent‚
912 1503 993 1550 ipse
1019 1502 1290 1550 improborum
1316 1502 1522 1538 hominum
1548 1514 1676 1539 mores
1703 1503 1887 1539 acerrime

233 1572 504 1617 insectaretu13
545 1570 586 1606 in
615 1582 691 1619 quo
718 1570 772 1605 ita
798 1579 966 1606 versatus
994 1579 1066 1613 est,
1108 1579 1154 1606 ut
1180 1571 1372 1614 convicia,
1417 1570 1557 1619 quibus
1589 1570 1752 1607 refertae
1778 1580 1885 1607 erant

234 1639 313 1685 ejus
348 1638 516 1682 fabulae,
553 1639 661 1675 nullo
688 1639 937 1675 humanitatis
965 1638 1215 1675 condimento
1241 1640 1452 1689 mitigaret,
1493 1638 1559 1675 sed
1585 1648 1738 1688 aperto,
1778 1639 1883 1688 quod

234 1706 349 1751 ajunt,
384 1707 508 1754 capite
536 1718 625 1742 cum
652 1707 757 1742 vitiis
789 1719 948 1742 manum
976 1715 1211 1747 consereret,
1240 1707 1455 1755 fabulisque
1481 1707 1559 1742 suis
1585 1706 1749 1755 quadam
1776 1706 1881 1754 quasi

235 1775 377 1809 scutica
406 1783 572 1810 armatus
601 1774 838 1821 abjectorum
864 1775 1082 1818 hominum,
1111 1788 1277 1824 quorum
1303 1775 1534 1824 largissimus
1562 1774 1636 1811 fuit
1655 1774 1752 1822 apud
1763 1774 1881 1810 Athe·

232 1841 383 1877 nienses
416 1850 649 1888 proventus,
692 1843 956 1891 impuritatem
993 1851 1031 1878 et
1063 1842 1208 1893 flagitia
1245 1844 1455 1893 castigaret.
1507 1844 1651 1880 Platon.
1688 1842 1734 1876 de
1770 1845 1880 1877 Com.

230 1923 265 1957 p.
300 1912 452 1946 XXVII.
487 1909 527 1946 οὐ
557 1908 630 1960 ’γοίρ
659 1910 776 1961 ὥσπερ
809 1909 828 1947 o‘
860 1910 1110 1961 Ἀριστοφάνης
1148 1913 1332 1962 ἐπιτρέχειν
1363 1910 1421 1955 ‘triv
1452 1909 1554 1961 χάριν
1584 1913 1654 1951 τοῖς
1686 1907 1880 1958 σκώμμασι

267 2025 298 2063 ιι)
310 2026 526 2067 Theognostus
538 2027 618 2067 apud
629 2027 847 2058 Bekk.Anecd.
862 2027 919 2059 Gr.
930 2029 980 2059 111.
994 2041 1023 2070 p.
1038 2028 1123 2060 1382.
1143 2028 1236 2066 ι’γνῦη,
1256 2027 1337 2068 ἱρέα.
1356 2029 1544 2068 Ἀρίστιςχος
1565 2026 1714 2056 συστέλλει
1736 2026 1768 2056 τὲ
1790 2039 1810 2056 οι
1829 2029 1877 2055 zai

331 2074 437 2102 ἐκτείνει
458 2073 490 2101 π’
510 2086 524 2101 ν
545 2074 593 2101 καὶ
613 2072 829 2112 προπαροξιῖνει,
850 2076 1007 2109 ἐναλλαγήν
1024 2076 1102 2103 τίνον
1123 2077 1169 2104 καὶ
1189 2073 1291 2115 χρᾶηυ
1310 2071 1474 2104 xta-ommis.
1514 2071 1741 2115 corrigendum
1761 2073 1879 2103 videtur

329 2119 511 2159 Ἀςχίλοχις.
530 2119 563 2150 ln
575 2119 679 2150 Schol.
692 2120 801 2151 venet.
815 2120 851 2150 ad
863 2120 946 2150 Illad.
960 2120 987 2158 ζ,
1000 2121 1067 2153 507.
1087 2123 1217 2161 κροαίνων
1232 2121 1282 2149 ονίι
1294 2118 1363 2149 ’ἔστιν
1378 2119 1531 2157 ἐπιθυμῶ,
1548 2122 1582 2151 εἷς
1594 2121 1767 2159 Ἀρχίλοχος
1783 2119 1874 2156 kilka-

331 2172 388 2201 βυ,
404 2166 468 2193 ἄλλ’
489 2167 639 2204 imago-1⁷51
658 2169 716 2196 τοῖς
737 2168 814 2201 ποσί,
835 2167 975 2207 explicari
989 2168 1111 2206 quidem
1127 2168 1350 2205 quodammodo
1364 2173 1469 2206 potest
1483 2168 1564 2197 edita
1578 2167 1680 2203 lectio,
1694 2173 1729 2196 ut
1744 2167 1775 2196 in
1790 2166 1875 2195 simili

332 2223 421 2246 causa
448 2211 522 2244 secit
550 2212 759 2244 llemsterhus.
788 2212 825 2244 ad
843 2212 937 2245 Arist.
956 2212 1038 2244 Plut.
1060 2224 1090 2256 p.
1110 2213 1150 2251 7.‚
1172 2212 1272 2243 malim
1293 2219 1397 2244 tamen
1416 2213 1476 2245 hoc
1497 2224 1620 2255 quoque
1640 2213 1710 2245 loco
1730 2213 1873 2252 'Aginat-

330 2274 393 2299 χοε,
414 2261 504 2293 etiam
523 2263 795 2303 propter-inumb,
815 2261 898 2302 quod
918 2261 1194 2293 Grammaticorum
1216 2262 1375 2302 proprium
1395 2272 1460 2294 esse
1482 2268 1611 2294 constat.

1149 2321 1228 2353 Ca
