2155 2624
1016 84 1092 145 42

225 184 396 232 Etymol.
429 185 487 220 M.
521 194 558 229 p.
594 192 681 225 599,
718 191 776 229 ¹7·
829 175 1022 229 Εὖτξῆσπος,
1057 177 1161 229 mago?
1191 178 1236 215 τδ
1258 177 1451 229 τετρῆσθαι
1476 177 1534 216 τᾶν
1559 176 1753 216 Αὐτόλυκον
1778 175 1800 215 ὅ
1822 177 1884 216 Εὖ.

225 257 331 294 πολις
365 248 522 287 σκώπτει.
556 246 722 297 Εὕτςησις
754 246 859 287 ’πόλις
891 242 1083 296 Ἀξκαδική.
1136 251 1172 283 Is
1208 260 1329 295 quum
1362 248 1404 282 in
1438 246 1884 297 magnis'Panathenaeis

228 319 464 371 quinquenii
491 317 694 354 victoriam
723 326 981 365 consequutus
1009 325 1118 359 esset,
1146 317 1282 353 Callias
1309 316 1350 351 in
1383 315 1575 353 honorem
1608 317 1739 355 dilecti
1771 316 1882 367 pueri

225 389 375 426 lautum
411 394 449 421 et
478 385 636 434 opipare
672 384 895 421 convivium
930 384 1136 432 apparavit,
1172 383 1278 433 quod
1314 382 1555 430 descripsisse
1583 394 1732 421 consta-t
1756 388 1884 422 Xeno*

222 457 426 505 phontem.
480 458 567 503 Quo
601 467 704 490 anno
731 454 899 489 fabulam
926 454 1025 489 hanc
1049 454 1227 489 docuerit
1252 453 1413 499 Eupolis
1441 466 1487 488 cx
1513 452 1713 489 Athenaeo
1740 455 1883 502 perspi.

225 524 328 561 citur
360 522 448 560 Lib.
482 525 526 559 V.
561 535 597 571 p.
636 526 720 559 216.
757 534 788 558 e.
824 522 881 557 ἐπὶ
914 518 1036 558 τούτου
1064 521 1315 566 (Aristionem
1343 520 1570 556 archontem
1597 519 1706 567 dicit)
1732 519 1885 563 Εὔπολις

222 590 282 627 'cdv
307 590 507 627 Αὐτόλυκεν
533 585 678 639 διδάξας
704 586 762 625 dccc*
787 587 1038 638 Δημοστράτου
1062 588 1232 638 χλευάζει
1257 587 1315 630 τῆν
1341 591 1427 629 νίκην
1452 588 1514 624 τοῦ
1540 587 1751 631 Αὐτολύκου,
1785 591 1823 625 11.
1851 604 1883 626 e.

227 659 383 707 Olymp.
415 660 629 702 LXXXIX,
670 667 708 703 4.
740 657 880 695 eodem
913 658 1033 708 igitur
1060 670 1176 702 anno,
1202 670 1279 707 quo
1306 657 1518 704 Autolycus
1545 657 1733 705 pancratii
1759 656 1886 694 victor

226 735 409 763 evaserat.
462 726 538 762 Sed
572 727 638 762 hic
672 727 798 776 gravis
835 727 1012 762 oboritur
1044 727 1248 762 dubitatio.
1306 730 1408 762 Nam
1445 739 1563 773 quum
1595 738 1732 775 magua
1766 728 1884 762 Pana—

223 793 385 832 thenaea
412 795 603 843 vigesimo
632 808 786 843 quoque
814 795 1144 842 Scirrophorionis
1172 795 1235 830 die
1263 795 1389 843 quarti
1416 796 1503 830 anni
1537 794 1720 843 cujusque
1754 795 1885 841 Olym·

224 862 351 912 piadis
386 862 578 899 celebrata
616 862 779 907 fuerint,
814 863 984 899 Boeckh.
1017 862 1065 898 de
1092 862 1261 911 Tragicis
1289 874 1412 911 graec.
1439 874 1475 909 p.
1506 874 1608 906 205„
1637 863 1705 911 qui
1731 862 1885 903 tandem

225 928 315 967 fieri
341 930 490 977 potuit,
523 939 568 965 ut
593 932 755 978 Eupolis
782 932 824 966 in
850 932 924 966 hac
953 930 1101 972 fabula,
1129 931 1209 965 sive
1236 942 1320 965 eam
1343 931 1507 966 Lenaeis
1534 931 1613 966 sive
1639 931 1795 966 urbanis
1820 931 1884 966 Li-

224 997 417 1034 beralibus
458 1007 583 1034 actam
619 1008 771 1042 statuas,
803 998 988 1045 Autolyci
1020 998 1225 1034 victoriam
1261 1006 1600 1042 commemoraret,
1641 998 1788 1046 aliquot
1821 997 1885 1034 de-

224 1077 335 1103 mum
361 1074 451 1114 post
477 1066 674 1103 mensibus
700 1065 1002 1116 reportandam?
1041 1070 1092 1103 At
1119 1066 1219 1102 bene
1245 1066 1295 1101 sit
1322 1066 1486 1114 antiquis
1514 1066 1789 1109 Grammaticis,
1817 1066 1885 1115 qui

223 1133 318 1171 duas
344 1135 528 1180 Autolyci
562 1135 752 1171 editiones
780 1135 896 1171 fuisse
924 1135 1068 1170 diserto
1095 1134 1321 1170 tes-timonio
1349 1134 1601 1177 tradiderunt,
1628 1135 1756 1171 Schol.
1771 1134 1883 1171 Arist.

226 1200 331 1239 Nub.
370 1214 455 1237 110.
506 1202 649 1238 Pollux
681 1205 771 1244 VII,·
801 1213 885 1237 202.
939 1204 1046 1249 Quae
1080 1213 1202 1248 quum
1234 1201 1288 1235 ita
1323 1200 1412 1242 sint,
1448 1199 1617 1235 dubitari
1643 1212 1722 1236 non
1746 1209 1885 1248 potest,

227 1268 322 1317 quin
356 1268 541 1314 Autolyci
578 1269 781 1304 victoriam
814 1280 893 1303 non
918 1268 959 1303 in
987 1268 1111 1315 prima
1137 1267 1203 1303 sed
1229 1267 1270 1302 in
1298 1266 1464 1302 secunda
1489 1266 1639 1303 fabulae
1663 1268 1886 1305 recensione

224 1335 399 1373 irriserit.
451 1336 580 1372 Prima
613 1336 734 1386 igitur
767 1335 919 1372 fabulae
953 1335 1174 1372 commissio
1209 1333 1285 1370 fuit
1311 1334 1463 1383 Olymp.
1489 1336 1698 1380 LXXXIX,
1723 1345 1760 1381 4.
1787 1335 1884 1373 falli·

224 1412 365 1452 turque
398 1403 496 1440 adeo
530 1404 775 1447 Scholiastes,
807 1405 874 1452 qui
905 1404 1202 1452 Aristophanem
1227 1406 1339 1451 Vesp.
1371 1416 1481 1439 1020.
1509 1403 1557 1439 ad
1582 1405 1782 1452 Eupolidis
1807 1409 1885 1442 Au·

224 1472 401 1519 tolycum
427 1472 636 1520 respexisse
662 1471 779 1517 dicat,
808 1485 898 1508 cum
923 1475 1068 1520 Vespae
1094 1471 1171 1518 jam
1200 1472 1352 1519 Olymp.
1377 1474 1588 1515 LXXXIX,
1611 1486 1644 1508 2.
1671 1482 1776 1509 actae
1802 1472 1884 1510 fue-

225 1539 319 1577 rint.
370 1540 499 1576 Altera
534 1538 715 1575 dramatis
750 1540 852 1576 actio
888 1540 951 1575 cui
986 1551 1086 1575 anno
1120 1538 1343 1587 assignanda
1376 1538 1443 1582 sit,
1477 1548 1586 1575 certo
1614 1538 1769 1575 definiri
1803 1552 1884 1577 non

224 1615 375 1655 potest3
417 1607 553 1643 licebit
585 1616 716 1644 tamen
751 1607 1011 1656 conjecturam
1047 1607 1268 1655 periclitari.
1322 1609 1424 1642 Nam
1459 1618 1548 1642 cum
1582 1606 1624 1642 in
1658 1620 1769 1643 versu
1804 1607 1884 1654 ejus

227 1672 382 1711 fabulae
415 1675 456 1710 in
491 1675 620 1711 Schol.
655 1676 801 1711 Victor.
834 1687 899 1724 ap„
925 1675 1126 1721 Heynium
1161 1673 1210 1710 ad
1243 1671 1351 1709 Iliad.
1384 1674 1448 1708 VI.
1482 1685 1518 1720 p.
1555 1677 1640 1717 646.
1672 1675 1885 1712 Aristarchi

224 1742 375 1778 mentio
402 1742 607 1787 injiciatur,
628 1737 690 1785 ἤδη
715 1741 789 1793 ’γεῖς
814 1742 1043 1793 Ἀρῐσταξχον
1069 1738 1313 1790 στρατηγοῦντ’
1340 1736 1515 1787 ἄχθομαι,
1548 1741 1787 1779 Aristarchus
1817 1755 1885 1780 au-

225 1816 308 1845 tem
344 1808 589 1856 imperatoris
622 1822 784 1846 munere
811 1810 965 1846 functus
993 1809 1043 1845 sit
1070 1809 1223 1856 Olymp.
1249 1808 1365 1850 XCII,
1396 1820 1427 1843 1.
1454 1808 1669 1854 Thucydid.
1696 1811 1794 1853 VIII,
1822 1819 1882 1855 98.

227 1885 267 1913 et
293 1877 472 1924 Xenoph.
499 1877 602 1913 Hell.
620 1881 668 1921 11,
693 1890 729 1923 3,
744 1889 808 1923 40,
834 1878 1039 1926 probabile
1067 1886 1122 1913 est
1147 1877 1254 1912 hunc
1279 1889 1434 1913 versum
1461 1889 1509 1913 ex
1534 1877 1652 1913 altera
1676 1878 1883 1925 Autolyco,

227 1955 325 1992 quae
359 1943 500 1980 eodem
535 1956 639 1979 anno
673 1945 714 1979 in
744 1957 898 1980 scenam
924 1944 1124 1991 prodierit,
1151 1944 1318 1991 petitum
1345 1956 1435 1979 esse.
1486 1948 1545 1980 Ex
1570 1946 1705 1981 ceteris
1731 1945 1883 1983 fabulae

226 2009 449 2061 fragmentis
476 2011 577 2048 nihil
604 2010 653 2047 ad
680 2010 759 2058 ejus
788 2020 1056 2061 argumentum
1083 2011 1222 2048 elicias.
1275 2013 1495 2061 Sequuntur
1519 2009 1707 2058 Βάπται,
1734 2013 1782 2051 de
1808 2027 1882 2064 qua

229 2076 357 2113 fabula
388 2079 519 2126 paullo
555 2078 715 2114 uberius
750 2078 1041 2126 disputabimus.
1095 2083 1156 2116 De
1189 2092 1232 2116 ea
1271 2081 1531 2116 memorabilis
1570 2082 1736 2117 Platonii
1773 2083 1883 2119 locus

230 2152 289 2180 est
322 2144 369 2181 de
404 2149 509 2182 Com.
541 2159 578 2195 p.
614 2146 789 2183 XXXIII.
822 2146 926 2194 Lips.
962 2146 1059 2194 ἴσμεν
1091 2145 1175 2195 ’γοῦν
1207 2145 1265 2184 τᾶν
1298 2144 1449 2184 Εὔπολιν
1483 2147 1543 2184 ἐπὶ
1573 2146 1623 2194 τῷ
1648 2142 1779 2198 διδάξαι
1804 2147 1883 2189 τοῦς

228 2208 378 2251 Βάπτας
410 2212 645 2262 ἀποπνιγέντα
679 2215 727 2255 εἷς
758 2213 818 2256 τήν
849 2212 1052 2252 θάλασσαν
1084 2214 1142 2252 ὑπ’
1174 2217 1300 2252 ἐκείνων
1334 2217 1382 2256 εἷς
1416 2212 1472 2255 οὓς
1504 2213 1645 2257 καθῆκε
1676 2215 1719 2252 τὲ
1752 2211 1880 2265 agana„

228 2279 306 2328 Qui
338 2278 485 2315 fuerint
516 2281 567 2324 ii,
605 2282 645 2317 in
681 2294 778 2332 quos
803 2283 904 2320 hanc
930 2283 1101 2320 fabulam
1126 2284 1280 2332 scripsit
1304 2291 1437 2331 poeta,
1475 2292 1627 2331 praeter
1653 2283 1882 2321 Ciceronem
