2155 2624
1042 73 1109 124 53

251 176 478 212 summoque
505 164 587 209 jure
615 161 772 211 quidam
800 162 907 210 quasi
934 158 1105 211 α’λιτήςιος
1130 162 1344 208 Hipponici
1372 161 1486 197 fuisse
1515 161 1664 197 dicatur
1691 161 1736 196 ab
1752 163 1894 199 Andoc.

252 234 298 269 <le
325 236 442 279 Myst.
477 244 514 279 p.
548 245 628 267 121.
662 231 781 268 Bekk.
834 235 1025 268 Immanes
1058 229 1228 266 hominis
1256 229 1507 277 profusiones,
1535 230 1780 278 maximeque
1806 230 1898 266 insa-

251 314 345 337 num
373 308 586 335 scortorum
615 312 786 336 amorem
814 308 977 349 tangunt
1005 299 1199 346 Aristoph.
1226 302 1319 334 Ran.
1348 307 1436 342 432.
1463 311 1549 334 cum
1577 300 1734 335 scholiis
1764 307 1802 334 et
1822 301 1898 335 He·

251 369 380 404 raclid.
409 370 518 404 Pont.
547 381 604 416 ap.
633 369 771 405 Athen.
790 371 872 405 XII.
899 381 938 416 p.
955 380 1041 417 557.
1060 368 1109 411 b.‚
1136 380 1346 416 puerorum
1374 379 1521 402 amores
1549 377 1587 403 et
1613 368 1798 405 adulteria
1825 372 1901 405 Eu·

252 436 351 484 polis
378 437 415 472 in
444 438 654 483 Autolyco,
689 437 802 472 Arist.
832 440 900 472 Av.
932 445 1015 479 28¹5.
1045 445 1083 471 et
1112 436 1286 471 Cratinus
1315 434 1415 481 apud
1443 435 1568 470 Schol.
1594 437 1752 472 Luciani
1779 440 1822 472 T.
1852 440 1898 472 ΙΙ.

253 518 287 552 p.
308 509 402 550 φή,
430 505 642 552 Ρσι·ξῃι·ἰιι111
668 505 810 541 Andoc.
841 505 887 541 de
914 508 1032 551 Myst.
1057 518 1093 553 p.
1122 517 1219 548 119„
1246 503 1494 539 bibacitatem
1521 503 1662 539 Aeliam.
1690 507 1730 539 V.
1758 507 1807 540 11.
1836 507 1898 544 IV,

258 577 311 608 πεῖ.
365 574 538 620 Denique
567 571 831 608 effeminatum
860 574 1028 607 hominis
1057 573 1255 620 ingenium
1285 572 1407 621 arguit
1434 571 1665 607 immodicus
1689 582 1899 620 unguento-

252 655 336 676 rum
370 654 477 683 usus,
516 641 561 676 de
596 653 672 688 quo
708 640 754 675 cf.
782 641 960 687 Xenoph.
990 645 1104 676 Conv.
1132 643 1176 674 ΙΙ.
1204 640 1254 674 in.
1309 640 1427 675 Aedes
1456 652 1549 682 suas,
1578 652 1737 687 quarum
1767 640 1900 674 alteras

252 712 292 747 in
327 709 591 746 Melitensium
627 702 729 754 δήμῳ,
771 708 898 743 Schol.
932 708 1091 743 Luciani
1129 711 1206 743 Iov.
1242 711 1351 757 Trag.
1379 711 1422 743 T.
1451 712 1493 743 II.
1521 721 1556 755 p.
1587 712 1670 751 696.
1700 708 1832 742 alteras
1860 708 1899 742 in

251 782 406 814 Pii-:cto
444 778 548 811 muni
587 777 810 812 deliciarum
843 790 980 826 genere
1016 778 1217 813 instructas
1253 776 1399 819 habuit,
1433 778 1611 824 Xenoph.
1647 776 1765 813 Conv.
1794 780 1822 820 Ι,
1854 790 1899 819 9.,

253 861 330 883 non
367 846 505 881 scurris
541 853 688 880 tantum
724 853 762 880 et
796 845 1021 881 tibicinibus
1057 846 1214 894 aliisque
1242 845 1282 880 id
1308 858 1424 894 genus
1453 845 1688 888 hominibus,
1723 846 1898 892 Xenoph.

254 920 371 950 conv.
401 919 428 956 Ῐ,
462 927 515 948 11.
544 917 589 954 Π,
623 927 651 947 1.
689 926 822 948 verum
861 915 976 949 etiam
1004 915 1204 961 Sophistis,
1237 915 1275 948 in
1304 927 1398 961 quos
1428 914 1648 949 incredibili
1678 914 1749 949 fuit
1776 914 1900 948 muni-

253 982 419 1024 ficentia,
449 988 656 1028 aperuerat,
685 980 823 1016 Ileind.
854 981 899 1016 ad
927 982 1092 1016 Platonis
1120 982 1274 1016 Theaet.
1303 993 1338 1028 p.
1372 991 1469 1024 333„
1503 994 1667 1029 quorum
1697 982 1900 1016 hominum

253 1050 567 1085 consuetudinum
597 1048 671 1090 iam
693 1057 779 1083 ante
799 1049 915 1095 patris
938 1049 1087 1084 obitum
1109 1049 1326 1084 avidissime
1350 1062 1438 1084 eum
1462 1050 1663 1096 expetiisse
1685 1063 1732 1085 ex
1746 1049 1899 1085 Aeschi-

251 1120 308 1154 nis
336 1117 519 1153 Socratici
554 1117 707 1165 dialogo
736 1116 874 1152 Calliae
907 1117 1065 1152 nomine
1099 1117 1285 1164 inscripto
1319 1117 1417 1164 apud
1445 1118 1584 1154 Athen.
1613 1121 1655 1153 V.
1683 1130 1719 1165 p.
1751 1130 1833 1152 220.
1861 1116 1898 1151 b.

252 1184 492 1234 perspicitur,
522 1195 594 1230 qua
622 1195 667 1217 ex
694 1195 736 1217 re
761 1184 940 1217 nonnihil
969 1184 1169 1218 simultatis
1197 1185 1269 1230 ipsi
1297 1197 1385 1219 cum
1411 1195 1516 1231 patre
1544 1187 1725 1226 extitisse,
1753 1185 1898 1219 ibidem

251 1255 424 1303 legimus.
478 1254 639 1287 Mortuo
679 1260 806 1287 autem
847 1251 1091 1299 Hipponico,
1134 1264 1253 1299 quum
1295 1253 1490 1288 neminem
1531 1254 1792 1300 voluptatibus
1825 1253 1900 1288 suis

252 1321 531 1370 impedimento
567 1331 645 1354 esse
676 1319 835 1361 videret,
869 1319 935 1354 vix
970 1319 1047 1355 dici
1072 1328 1211 1366 potest,
1240 1329 1420 1367 quantam
1449 1321 1691 1355 adulatorum
1716 1322 1900 1368 parasito·

252 1402 414 1437 rumque
456 1387 751 1423 multitudinem
783 1387 823 1422 in
858 1386 1019 1423 domum
1054 1400 1162 1423 suam
1195 1388 1395 1436 receperit,
1430 1389 1581 1426 Heracl.
1616 1391 1723 1425 Pont.
1751 1390 1777 1425 l.
1804 1390 1826 1425 1.
1861 1401 1897 1437 p.

254 1470 337 1504 557.
365 1457 402 1492 b.
442 1459 500 1491 Ex
527 1467 574 1491 eo
602 1467 739 1503 genere
767 1453 924 1490 fuerunt
951 1455 1119 1504 Gorgias,
1154 1455 1350 1498 Prodicus,
1383 1458 1620 1505 Protagoras,
1655 1457 1899 1492 Antimoerus

254 1526 445 1572 ceterique
471 1526 701 1571 Protagorae
728 1523 919 1570 discipuli,
954 1523 1091 1571 quibus
1120 1523 1312 1570 capiendis
1339 1537 1458 1572 quum
1485 1525 1595 1560 aedes
1623 1525 1795 1572 quamvis
1822 1536 1899 1559 am·

253 1594 446 1643 plissimae
481 1603 561 1626 non
596 1587 829 1632 sufficerent,
864 1587 1057 1630 ἐκκενώσας
1089 1589 1131 1626 τέ
1163 1594 1314 1636 ταμιεῖον
1338 1590 1399 1626 τεῦ
1426 1594 1614 1636 σοφισταῖς
1639 1589 1766 1640 ξενῶνα
1801 1604 1898 1626 κατε.

256 1659 467 1701 σκευάσω-το,
494 1668 538 1693 ut
565 1668 621 1693 est
648 1658 750 1705 apud
775 1658 1035 1695 Themistium
1061 1661 1125 1695 Or.
1153 1661 1291 1694 XXIX.
1319 1671 1355 1707 p.
1375 1669 1458 1709 547.
1488 1672 1519 1696 c.
1547 1672 1644 1708 quae
1672 1660 1784 1697 ducta
1810 1667 1899 1695 sunt

254 1743 274 1765 e
301 1727 469 1764 Platonis
503 1728 604 1761 Prot.
640 1738 676 1772 p.
705 1734 793 1768 482.
818 1734 905 1769 484.
941 1726 1084 1761 Heind.
1138 1729 1245 1761 Haec
1280 1735 1339 1762 tot
1372 1737 1412 1763 et
1445 1736 1548 1762 tanta
1574 1728 1668 1762 vitia
1693 1728 1807 1763 nullis
1833 1728 1899 1762 ille

255 1795 372 1832 animi
399 1795 461 1829 vel
488 1794 640 1851 ingenii'
661 1793 773 1828 bonis
801 1793 1082 1841 compensabat.
1136 1796 1237 1828 Nam
1264 1794 1370 1842 quod
1396 1795 1503 1831 tibiis
1529 1796 1624 1831 scite
1650 1804 1815 1830 cantasse
1843 1795 1899 1829 di·

256 1865 355 1900 citur
383 1875 401 1897 a
429 1861 721 1898 chamaeleonte
756 1862 906 1897 Heracl.
942 1873 999 1909 ap.
1034 1861 1173 1897 Athen.
1208 1864 1269 1896 IV.
1306 1874 1341 1910 p.
1375 1871 1455 1906 184.
1493 1863 1528 1897 d.
1563 1863 1603 1897 id
1630 1862 1737 1897 valde
1764 1874 1902 1898 vereor

254 1942 297 1966 ut
330 1941 489 1978 magnae
522 1928 628 1964 laudi
663 1929 698 1964 ei
733 1929 952 1965 ducendum
985 1930 1202 1976 putaverint
1236 1930 1494 1965 Athenienses.
1548 1930 1902 1966 Doctissimum

254 2009 380 2036 autem
409 1998 475 2046 qui
502 2009 589 2033 eum
619 1996 714 2033 dicit
741 1996 965 2034 Macrobius
993 1999 1065 2034 Sat.
1094 1999 1174 2040 VII,
1202 2010 1232 2033 1.
1259 1997 1362 2033 haud
1390 1997 1504 2033 dubie
1529 1997 1650 2045 ipsam
1677 1998 1785 2034 illam
1813 2011 1901 2035 cum

255 2066 443 2113 Sophistis
471 2065 790 2100 consuetudinem
817 2066 1013 2112 spectavit,
1042 2078 1089 2100 ex
1116 2078 1189 2113 qua
1216 2079 1293 2101 non
1319 2067 1459 2101 mirum
1488 2074 1545 2100 est
1571 2067 1603 2100 si
1630 2067 1797 2114 aliquem
1819 2081 1899 2103 eru-

256 2134 411 2171 ditionis
438 2134 587 2168 cultum
613 2133 886 2182 literarumque
914 2145 1085 2169 amorem
1114 2133 1302 2181 concepit.
1330 2136 1468 2169 Contra
1495 2133 1695 2181 stupidum
1721 2134 1897 2170 bardum·

254 2215 329 2251 que
355 2199 560 2247 (κοάλεμον)
587 2213 676 2235 eum
703 2202 893 2248 appellare
918 2213 998 2237 non
1024 2200 1214 2236 dubitavit
1239 2200 1445 2236 Aeschines
1473 2204 1578 2237 socr.
1606 2214 1663 2249 ap.
1692 2203 1825 2238 Athen.
1852 2202 1894 2235 V.

253 2282 291 2318 p.
322 2267 479 2307 moab.
531 2268 697 2304 scurrile
731 2268 902 2304 hominis
934 2268 1131 2317 ingenium
1164 2276 1202 2303 et
1235 2268 1445 2304 vanitatem
1473 2281 1563 2305 cum
1587 2270 1670 2317 pari
1695 2267 1895 2303 insolentia
