2155 2624
1038 54 1112 115 49

253 160 292 187 et
318 150 487 186 Valerius
514 151 618 185 Max.
647 150 726 191 VII,
764 159 797 182 2.
833 154 907 181 ext.
945 158 979 188 7.
1031 148 1372 194 Aristophanis
1400 160 1593 197 quoque
1618 166 1670 173 —
1694 167 1747 175 —
1771 161 1897 195 prae.

252 227 463 266 ceptum,
517 217 597 264 qui
636 217 681 252 in
720 215 981 252 Comoedia
1020 214 1302 250 introduxit
1337 217 1587 252 remissum
1627 215 1681 252 ab
1722 216 1898 254 inferis

250 284 597 323 Atheniensem
632 284 874 320 Periclem
908 283 1279 326 vaticinantem,
1313 295 1405 317 non
1440 293 1673 330 oportere
1707 284 1756 319 in
1784 284 1900 321 urbe

250 352 437 389 nutriri
470 353 671 388 leonem.
725 352 802 400 Qui
835 351 1002 398 respexit
1029 350 1185 398 quidem
1214 350 1261 385 ad
1287 353 1410 386 Ranns
1438 351 1710 397 Aristophanis,
1738 351 1805 389 sed
1831 365 1898 389 re·

248 420 443 456 missum
477 432 530 455 ex
562 419 736 455 inferis
763 419 951 454 Periclem
978 419 1108 453 dicens
1136 417 1336 464 Eupolidis
1361 417 1532 453 fabulam
1560 430 1648 454 cum
1675 418 1897 466 Aristopha-

246 488 304 524 nis
321 488 435 524 Ranis
462 487 647 530 confudit,
676 500 772 535 quae
797 499 855 523 res
883 486 984 534 fugit
1000 485 1243 521 Lobeckium
1271 484 1318 519 de
1337 486 1533 530 Mysteriis
1561 486 1603 521 in
1627 486 1893 524 Friedemanni

240 546 285 592 ‘et
311 556 489 593 Seebodii
522 556 683 591 Miscell.
718 555 837 590 critic.
871 557 918 597 II,
953 566 986 589 2.
1019 566 1056 601 p.
1094 557 1177 597 263.
1231 552 1373 588 Similis
1401 552 1559 589 fortasse
1587 566 1693 589 error
1718 554 1759 589 in
1786 568 1895 603 argu-

247 633 379 661 mento
407 624 606 671 Sophoclis
636 622 775 669 Oedipi
803 622 880 658 Col.
907 633 944 669 p.
973 633 1007 665 5.
1035 621 1163 657 Elmsl.
1191 618 1437 670 Ἀξιστεφσίνης
1464 622 1494 656 ἐν
1519 625 1590 661 τεῒς
1615 619 1818 671 βκτξαῖχεις
1844 624 1901 659 ἐπὶ

247 695 405 729 Καλλίου
432 690 551 739 ἀνάγει
578 688 655 729 τοῦς
681 686 897 739 στρατηγοὺς
922 686 1006 737 ὑπὲρ
1033 687 1107 736 γῆς,
1145 688 1361 734 cujusmodi
1395 689 1495 725 nihil
1525 690 1566 725 in
1592 691 1709 727 nanis
1742 691 1895 740 legitur.

250 761 323 796 Sed
346 760 398 795 ‘de
425 760 581 801 Pericle,
617 757 722 803 cujus
750 758 864 793 etiam
893 758 1150 805 eloquentiam
1177 758 1248 793 hac
1275 758 1315 792 in
1343 757 1468 793 fabula
1494 758 1693 805 praeclaris
1719 759 1896 796 laudibus

249 828 408 870 ornavit,
444 841 478 863 v.
506 825 729 874 Leopardus
756 824 913 862 Emend.
943 827 984 867 V,
1028 836 1083 869 14.
1111 828 1176 860 XV
1182 829 1208 867 1,
1243 836 1296 869 14.
1327 834 1364 860 et
1390 825 1710 872 W'yttenbachius
1738 827 1784 862 ad
1810 828 1896 864 Plu·

246 896 365 931 tarch.
401 898 434 931 S.
462 899 510 931 N.
540 898 581 929 V.
611 907 646 941 p.
678 906 709 935 7.
740 906 904 941 quorum
933 894 1073 928 notatis
1102 894 1197 928 adde
1225 894 1379 929 Aristid.
1414 897 1456 929 T.
1494 898 1558 930 ΙΙΙ.
1594 907 1632 942 p.
1671 907 1754 939 215.
1791 908 1823 932 c.
1859 905 1897 932 et

248 963 467 1011 Olympiod.
498 962 543 998 ad
570 961 692 999 Alcib.
720 974 756 1009 p.
787 974 845 1006 29.
872 964 945 1004 Cr„
974 960 1020 996 de
1048 961 1202 996 Periclis
1235 962 1354 1010 igitur
1387 962 1460 997 hac
1492 962 1534 997 in
1569 961 1697 999 fabula
1723 963 1896 1011 partibus

244 1044 342 1066 unus
377 1031 552 1066 omnium
586 1030 752 1065 maxime
786 1030 944 1077 insignis
979 1038 1033 1064 est
1065 1030 1260 1064 Plutarchi
1292 1030 1401 1065 locus
1435 1031 1568 1066 Pericl.
1608 1043 1640 1075 5.
1677 1040 1717 1067 et
1752 1042 1809 1075 24.
1847 1045 1895 1068 ex

244 1112 320 1147 quo
348 1099 464 1135 etiam
491 1097 756 1144 Myronidem,
791 1096 982 1132 celebrem
1008 1097 1121 1132 illum
1147 1097 1287 1144 proelii
1314 1096 1414 1144 apud
1441 1098 1670 1145 Oenophyta
1698 1100 1894 1136 commissi

243 1166 444 1206 victorem,
478 1165 519 1198 in
547 1175 654 1197 scena
683 1162 844 1196 adfuisse
872 1164 1065 1204 discimus,
1100 1164 1147 1197 ad
1173 1164 1329 1198 Periclis
1356 1165 1696 1212 interrogationem
1723 1167 1771 1201 de
1797 1166 1893 1209 filio,

244 1246 358 1282 quem
391 1245 438 1269 ex
463 1231 615 1278 Aspasia
642 1238 868 1277 susceperat,
903 1229 1218 1278 respondentem3
1260 1230 1306 1266 ad
1342 1244 1457 1279 quem
1491 1230 1642 1268 fabulae
1673 1233 1804 1270 locum
1837 1247 1895 1270 re·

242 1313 397 1350 spexere
425 1300 538 1336 etiam
567 1299 692 1334 Schol.
720 1298 867 1333 Platon.
895 1310 931 1345 p.
965 1310 1045 1342 159.
1076 1307 1114 1333 et
1136 1301 1322 1345 Harpocr.
1351 1311 1387 1346 p.
1421 1311 1477 1343 79.
1505 1304 1563 1335 Ex
1587 1301 1780 1337 Miltiadis
1809 1315 1893 1337 ora-

242 1372 359 1412 tione,
395 1377 578 1404 inonente
607 1368 721 1402 etiam
748 1366 927 1413 Elmslejo
957 1366 1003 1403 ad
1029 1367 1157 1414 Eurip.
1187 1367 1292 1403 Med.
1324 1377 1406 1413 539.
1440 1369 1606 1405 servavit
1632 1370 1782 1418 aliquot
1808 1383 1891 1407 ver·

242 1450 302 1474 sus
329 1436 494 1487 Longin.
524 1434 570 1470 de
597 1434 702 1470 Subl.
736 1437 792 1476 16,
822 1445 854 1478 5.

600 1502 653 1538 Od-
681 1501 760 1550 Ὑαῖξ,
788 1500 840 1548 (⁴er)
864 1500 921 1543 ‘triv
947 1499 1145 1552 Μαξαθῶνι
1172 1500 1228 1543 τήν
1255 1501 1334 1549 ἐμήν
1360 1500 1488 1551 μάχην,

600 1572 726 1620 χαίξων
752 1582 801 1609 τις
827 1568 935 1605 αὐτῶν
960 1567 1084 1615 τσύμέν
1111 1568 1257 1615 olm-m?
1282 1572 1375 1619 κεάξ.

241 1645 376 1689 Neque
403 1639 450 1675 ad
479 1639 591 1674 aliam
620 1638 789 1674 fabulam
815 1638 886 1674 hos
914 1649 986 1687 ego
1014 1650 1141 1674 versus
1169 1638 1368 1675 retulerim
1395 1651 1415 1674 a
1442 1637 1607 1675 stobaeo
1635 1641 1753 1677 Serm.
1773 1644 1888 1678 XLII.

240 1722 275 1757 p.
306 1713 364 1745 δε.
399 1708 549 1743 allatos:

496 1776 557 1810 καὶ
582 1772 646 1821 μήν
672 1772 743 1822 ἐγώ
766 1772 909 1810 πολλῶν
934 1771 1108 1824 ’παιζόντων
1135 1773 1195 1810 οὐκ
1223 1775 1292 1821 ἔχω
1318 1776 1355 1811 τί
1378 1772 1479 1825 λέξω·

493 1839 576 1877 οὕτω
603 1837 725 1893 σφόδρ’
754 1841 862 1890 dm&
887 1839 945 1883 τήν
971 1844 1148 1878 πολιτείαν
1174 1840 1255 1891 ὁρῶν
1281 1842 1362 1891 παρ’
1389 1841 1476 1888 ὑμῖν.

239 1912 335 1948 Vide
368 1919 501 1953 cetera,
535 1911 575 1945 in
611 1910 749 1958 quibus
784 1911 1007 1959 gravissime
1034 1911 1081 1948 de
1108 1911 1255 1947 funesta
1283 1911 1517 1960 reipublicae
1544 1910 1766 1948 conditione
1794 1924 1887 1950 con-

240 1980 430 2028 queritur,
472 1978 659 2024 cujusrei
687 1979 797 2025 culpa
823 1978 992 2014 maxime
1018 1979 1059 2014 in
1088 1980 1276 2015 exercitus
1305 1979 1417 2015 duces
1444 1978 1684 2022 transfertur,
1719 1993 1887 2028 quorum

238 2047 463 2095 pravitatem
499 2055 537 2083 et
569 2046 779 2095 nequitiam
806 2046 972 2095 exagitat
998 2046 1113 2082 etiam
1139 2047 1180 2082 in
1207 2048 1295 2083 loco
1323 2046 1423 2094 apud
1449 2046 1575 2082 Schol.
1604 2047 1782 2084 Aristidis
1808 2049 1834 2084 l.
1862 2050 1885 2084 l.

1011 2112 1173 2163 μειξοίκιοε
1207 2113 1380 2160 κινούμενα

646 2183 676 2217 ἒν
702 2185 773 2221 τόῖς
797 2184 942 2230 σφυροῖς
968 2182 1113 2217 ἕλκονται
1139 2180 1196 2222 τήν
1222 2184 1447 2230 στρατηγίαν,

239 2258 278 2284 et
310 2251 412 2297 apud
447 2254 632 2298 Harpocr.
660 2263 687 2285 s.
716 2263 750 2285 v.
784 2246 985 2296 μειαγωγός
1011 2262 1046 2296 p.
1079 2260 1162 2293 240.
1215 2253 1298 2286 Nec
1325 2248 1595 2292 dubitandum,
1623 2249 1715 2298 quin
1743 2248 1789 2285 de
1815 2248 1881 2284 ali-

1273 2319 1304 2352 G
