2155 2624
987 24 1059 87 41

206 126 336 173 Eurip.
369 122 475 159 Med.
504 133 541 168 p.
571 132 629 163 71.
665 131 685 155 e
720 119 809 155 solis
836 118 1062 159 Didascaliis
1089 118 1302 156 innotuisse
1325 120 1494 156 monuit.
1545 120 1777 160 Fabularum
1799 132 1855 161 ta-

206 185 297 230 men
330 190 436 227 tituli
471 197 825 225 commemorantur
858 189 1053 238 aliquanto
1088 188 1234 236 plures,
1282 201 1514 238 quamquam
1555 189 1598 225 in
1640 189 1701 226 his
1742 191 1855 229 etiam

206 260 310 298 haud
335 258 460 307 pauci,
488 259 554 307 qui
580 258 759 294 nonnihil
787 257 1042 294 dubitationis
1068 265 1261 293 moveant.
1314 260 1369 293 Ac
1398 259 1636 307 Δραπέταις
1663 258 1710 295 ab
1728 262 1855 306 Etym.

206 330 264 364 M.
292 339 329 375 p.
362 335 442 371 174.
472 337 532 371 50.
567 326 761 362 laudatam
793 326 960 362 removit
992 325 1071 371 jam
1107 323 1342 361 Gaisfordius
1370 324 1418 359 ad
1444 326 1601 362 Hesiod.
1627 339 1664 374 p.
1697 340 1781 363 112.
1810 327 1858 363 ad

208 394 348 431 codicis
382 394 541 431 ductum
574 394 771 430 verissime
810 392 1019 443 refingens:
1071 390 1225 431 Εὔπολις
1256 386 1496 440 Ἀνδξογύνοιις.
1548 398 1683 442 Neque
1714 395 1857 431 rectius

205 456 447 512 Πρόδοιμος
480 471 662 511 tanquam
695 461 844 498 fabulae
877 461 1013 497 titulus
1047 468 1224 507 receptus
1260 467 1317 494 est
1343 472 1364 494 e
1392 460 1550 508 Quintil.
1578 464 1666 496 Inst.
1695 464 1797 498 Orat.
1824 466 1855 507 I,

210 543 268 573 10,
309 543 365 574 17.
417 531 644 578 Eupolis,
679 529 803 576 apud
838 541 974 576 quem
999 527 1259 563 Prodamus
1282 536 1333 562 et
1357 528 1588 564 musicam
1615 537 1665 564 et
1693 529 1855 567 literas

207 598 366 642 docet,
392 611 489 646 quae
518 598 565 633 ad
591 595 705 644 Α”ῖὙας
732 604 901 643 spectare
928 595 1042 631 docet
1068 594 1308 631 Theodosius
1334 607 1371 643 p.
1393 608 1449 631 11.
1476 595 1556 631 sive
1583 596 1685 643 apud
1710 596 1860 634 Bekke·

205 678 294 702 rum
319 665 544 702 Anecd.‹III.
572 676 609 711 p.
637 662 743 705 1168.
769 658 849 702 τούς
876 660 1002 703 αὐτοῦς
1027 660 1109 698 εἶναι
1137 657 1367 702 διδασκάλους
1392 664 1454 698 καὶ
1478 662 1639 709 μουσικῆς
1657 666 1720 699 καὶ
1745 676 1857 713 ’γραμ-

205 731 360 780 ματικῆς,
394 730 437 772 ω’ς·
461 729 487 767 ὁ
519 728 672 770 Εὔπολις
705 726 841 777 εἰσάγει
869 731 899 766 ἐν
925 728 1015 780 Αἰξί.
1068 733 1189 766 Porro
1216 728 1336 765 Πύλαι
1363 729 1465 777 apud
1490 732 1619 767 Schol.
1644 732 1757 768 Arist.
1784 735 1855 769 Av.

211 813 318 846 1297.
345 798 499 839 Εὔπολις
526 800 557 835 ἐν
579 796 724 843 Πύλαις,
752 798 820 834 ubi
846 799 958 834 valde
984 798 1199 847 probabilis
1228 807 1284 834 est
1300 798 1463 834 Fabricii
1489 799 1707 845 conjectura
1723 797 1856 837 Πόλεσι

206 880 277 916 pro
311 865 449 907 Πύλαις
482 867 713 915 reponentis.
774 863 1188 912 Στεφανεπώλιδας
1222 866 1324 913 apud
1355 867 1493 903 Athen.
1527 868 1591 903 IX.
1626 880 1663 915 p.
1702 877 1787 912 334.
1824 880 1856 904 c.

206 945 310 972 recte
343 936 496 972 Eubulo
524 934 736 971 vindicasse
762 934 914 970 videtur
947 935 1199 971 Casaubonus.
1254 934 1466 981 Σφίγγες
1491 948 1569 970 uno
1596 934 1737 971 Suidae
1768 936 1857 972 loco

206 1003 383 1040 nituntur
409 1015 436 1039 s.
463 1015 499 1038 v.
527 998 782 1038 νεανισκεύεται.
819 1002 1059 1051 Legendum,
1087 1002 1128 1038 ni
1155 1001 1279 1045 fallor,
1306 999 1460 1042 Εὔπελις
1484 1000 1591 1051 Αἰξίν.
1638 1003 1712 1039 His
1738 1003 1858 1052 igitur

206 1071 378 1114 remotis,
414 1070 554 1119 viginti
586 1078 789 1117 supersunt
815 1069 976 1113 fabulae,
1010 1082 1102 1118 quas
1129 1070 1308 1117 deinceps
1336 1071 1657 1107 enumerabimus.
1710 1069 1856 1120 Α’ἷὙες,

206 1138 408 1175 notissima
434 1136 580 1178 fabula,
606 1136 647 1171 in
674 1147 747 1184 qua
772 1145 924 1183 praeter
951 1137 1044 1172 alios
1070 1137 1335 1184 Hipponicum
1360 1137 1463 1172 ridet
1489 1138 1591 1185 apud
1615 1139 1857 1184 Hesychium

207 1219 236 1242 s.
269 1219 306 1241 v.
342 1203 445 1256 ἱεςεύς
478 1201 655 1247 Διονύσου,
694 1203 798 1240 unde
831 1203 879 1240 de
905 1212 1098 1252 tempore,
1140 1216 1220 1252 quo
1248 1213 1330 1240 acta
1357 1203 1494 1248 fuerit,
1530 1203 1746 1251 conjectura
1771 1205 1857 1244 fieri

207 1280 348 1323 potest,
369 1271 563 1322 'siquidem
576 1271 821 1320 Hippenicus
837 1271 990 1319 Olymp.
1017 1274 1236 1314 LXXXIX,
1268 1285 1299 1307 1.
1328 1271 1438 1307 obiit.
1489 1272 1661 1308 Eandem
1687 1272 1857 1313 fabulam

211 1341 366 1378 Fortasse
393 1348 673 1377 commemorat
699 1340 876 1386 Stephan.
903 1342 996 1384 Byz.
1024 1353 1058 1374 v.
1086 1337 1203 1387 ἄντρον
1229 1352 1265 1386 p.
1295 1349 1354 1384 89.
1383 1338 1516 1387 εὕρηται
1542 1342 1603 1375 καὶ
1628 1338 1786 1389 οἰντξαῒσς
1811 1340 1857 1383 ὥς

207 1402 387 1459 Εὐριπίδης
418 1404 525 1457 Αἰξίν,
559 1406 628 1443 ubi
660 1406 867 1455 legendum
901 1417 980 1441 esse
1006 1415 1103 1454 puto
1129 1404 1291 1446 Εὔπολις.
1345 1406 1530 1443 Similiter
1556 1407 1658 1455 apud
1682 1409 1855 1446 Marium

208 1477 306 1512 Vict.
334 1488 371 1523 p.
401 1485 511 1519 2527.
545 1474 739 1521 Euripidis
771 1486 916 1509 nomen
948 1486 1020 1521 pro
1054 1474 1244 1521 Eupolide
1269 1475 1537 1521 reponendum
1564 1485 1642 1523 est3
1676 1475 1724 1512 cf.
1752 1478 1856 1513 Gais-

209 1542 306 1580 ford.
340 1542 547 1591 Hephaest.
583 1553 620 1590 p.
656 1550 742 1586 513.
793 1537 1102 1590 Ἀστςάτευτω
1134 1537 1155 1583 νῖ
1187 1535 1467 1591 Ἀνδςογύναι
1505 1543 1623 1590 pleno
1657 1543 1773 1579 titulo
1807 1544 1854 1581 ab

209 1624 290 1648 uno
316 1611 431 1648 Suida
456 1610 633 1646 laudatur
659 1622 686 1646 s.
714 1623 749 1646 v.
775 1606 947 1653 Εὔπολις,
979 1610 1136 1658 reliquis
1165 1621 1248 1646 eam
1274 1610 1501 1657 simpliciter
1524 1608 1762 1659 Ἀστρεέτευτει
1784 1624 1855 1648 vo·

210 1678 406 1726 cantibus3
433 1678 551 1714 semel
576 1678 743 1725 Etymol.
769 1679 827 1714 M.
854 1672 1077 1727 Ἀνδξογύναι.
1129 1680 1190 1713 De
1217 1686 1442 1726 argumento
1470 1677 1621 1714 fabulae
1655 1678 1753 1715 (fixit
1785 1682 1853 1715 Ar-

211 1746 345 1796 naldus
362 1746 410 1781 ad
424 1746 632 1793 Hephaest.
659 1758 697 1793 p.
714 1758 775 1790 99.
800 1746 878 1793 Ipsi
905 1745 993 1781 alias
1019 1746 1128 1793 plura
1155 1744 1343 1781 dabimus.
1380 1746 1564 1794 Sequitur
1588 1744 1854 1791 Αὐτόλυκος,

209 1815 252 1850 in
279 1825 352 1862 qua
378 1812 507 1849 fabula
532 1825 612 1849 non
637 1813 751 1849 illum
775 1813 965 1849 Mercurii
990 1822 1142 1857 natum,
1176 1822 1221 1849 ut
1245 1815 1288 1849 T.
1316 1813 1536 1849 Hemsterh.
1564 1813 1612 1848 ad
1635 1814 1778 1850 Polluc.
1805 1817 1854 1859 X,

215 1884 297 1917 161.
323 1880 493 1929 putabat,
519 1880 585 1917 sed
598 1880 781 1928 Lyconis,
808 1881 876 1929 qui
902 1881 1066 1917 Socratis
1092 1889 1286 1917 accusator
1313 1880 1388 1916 fuit
1415 1879 1589 1926 (Maxim.
1605 1883 1691 1926 Tyr.
1707 1884 1774 1925 IX,
1791 1881 1855 1928 5.),

212 1957 252 1984 et
276 1948 452 1986 Rhodiae
478 1946 605 1986 filium
633 1947 776 1995 (Schol.
791 1948 903 1985 Arist.
917 1949 1077 1996 Lysistr.
1103 1948 1205 1997 270.)
1231 1948 1464 1997 perstrinxit,
1489 1959 1655 1996 puerum
1683 1951 1855 1999 corporis

211 2024 409 2052 venustate
440 2024 707 2063 praestantem,
739 2015 918 2063 Xenoph.
953 2019 1070 2052 Conv.
1095 2020 1127 2060 Ι,
1156 2029 1190 2061 9.
1224 2024 1263 2051 et
1288 2015 1423 2052 Athen.
1450 2017 1493 2050 V.
1520 2027 1557 2063 p.
1588 2024 1672 2059 188.
1700 2028 1745 2060 a.,
1772 2019 1854 2054 Cal.

210 2084 296 2126 liae,
323 2083 536 2131 Hipponici
561 2082 654 2127 filii,
692 2095 841 2119 amores
868 2091 906 2119 et
934 2083 1106 2127 delicias,
1143 2083 1304 2120 Maxim.
1331 2085 1418 2128 Tyr.
1446 2084 1574 2120 XXVI
1583 2110 1594 2128 ,
1634 2093 1668 2127 8.
1696 2096 1852 2133 eamque

214 2150 264 2188 ob
298 2161 465 2194 causam,
498 2150 662 2199 opinor,
701 2159 884 2199 tanquam
914 2149 1119 2186 'muliebria
1154 2160 1305 2198 passum
1332 2149 1379 2185 ab
1406 2150 1599 2198 Eupolide
1624 2152 1850 2193 traductum,

214 2217 320 2264 cujus
357 2218 415 2254 rei
450 2226 565 2255 tenue
600 2218 761 2267 quidem
796 2218 864 2255 sed
901 2217 1088 2255 idoneum
1129 2226 1259 2255 tamen
1298 2218 1490 2266 indicium
1528 2218 1711 2256 habemus
1751 2218 1851 2266 apud

1252 2288 1279 2321 F
