2155 2624
1093 56 1161 104 55

404 148 528 195 Hujus
565 147 686 196 igitur
719 144 860 182 Calliae
899 144 1093 181 luxuriem
1128 154 1166 181 et
1199 145 1457 181 adsentatores
1496 142 1851 191 impudentissimos
1877 150 1949 183 Eu-

302 217 402 264 polis
429 216 501 252 hac
527 215 568 250 in
596 213 724 249 fabula
751 212 997 263 exagitandos
1024 212 1099 249 sibi
1125 221 1329 254 sumserat,
1371 224 1444 260 qua
1471 213 1510 247 in
1537 225 1578 247 re
1604 213 1658 247 ita
1686 221 1856 247 versatus
1884 222 1950 256 est,

304 294 346 320 ut
379 284 481 319 nulla
516 282 595 318 fere
629 281 707 328 ejus
743 281 873 318 fabula
906 281 1094 327 majorem
1129 281 1284 317 laudem
1318 281 1368 316 sit
1402 289 1616 316 consecuta.
1669 284 1730 318 De
1764 289 1952 329 tempore,

303 363 380 399 quo
409 362 492 385 eam
519 349 663 394 docuit,
691 361 848 385 omnem
876 349 1159 385 dubitationem
1186 349 1323 383 eximit
1349 348 1488 384 Athen.
1516 351 1560 382 V.
1594 360 1629 395 p.
1660 359 1741 390 218.
1768 361 1801 384 c.
1854 348 1953 396 Hip·

301 419 484 466 ponicum
519 418 657 453 obiisse
691 417 821 453 dicens
856 416 926 466 vrgo*
957 415 1018 458 τῆς
1051 418 1104 452 ἐπ’
1131 415 1298 452 Ἀλκαίευ
1325 410 1558 455 διδασκαλίας
1584 414 1648 451 τῶν
1674 413 1863 457 Εὐπόλιδος
1889 418 1950 452 Ko-

301 483 426 521 λα’κων.
478 489 573 522 Acta
604 485 723 534 igitur
757 485 909 532 Olymp.
943 487 1154 528 LXXXIX,
1199 496 1232 529 5.
1275 483 1425 519 duobus
1467 483 1575 519 annis
1613 493 1701 530 post
1738 484 1949 531 Hipponici

303 553 463 603 obitum:
516 553 745 600 Asperrimis
783 562 910 587 autem
945 552 1090 587 facetiis
1119 553 1276 588 Calliam
1305 565 1324 586 a
1351 562 1463 599 poeta
1491 553 1714 601 sugillatum
1742 565 1831 593 esse,
1866 562 1949 587 tum

302 633 370 667 per
402 633 441 656 se
473 619 673 668 probabile
710 628 782 662 est,
824 628 905 654 tum
942 631 1035 655 vero
1071 632 1118 654 ex
1153 619 1374 669 fragmentis
1416 620 1655 669 intelligitur.
1711 623 1811 655 Nam
1846 618 1950 666 quod

299 689 515 723 Athenaeus
549 691 614 722 XI.
650 700 686 733 p.
721 690 807 729 506.
844 686 873 720 F.
898 687 1004 728 dicit,
1038 688 1189 734 gravius
1218 688 1345 728 etiam,
1373 700 1488 734 quam
1516 688 1562 723 ab
1590 689 1777 735 Eupolide
1806 688 1949 723 factum

300 757 360 798 sit,
395 756 549 792 Calliam
585 764 736 790 notasse
770 755 970 790 Platonem
1003 755 1042 789 in
1077 757 1297 804 Protagora,
1331 755 1382 798 id,
1419 755 1485 804 qui
1519 758 1767 805 Protagoram
1801 754 1947 804 legerit,

300 836 416 858 nemo
449 822 645 857 concedet.
698 826 919 858 Extremam
957 823 1126 858 hominis
1160 824 1368 858 mollitiem
1405 825 1572 872 tetigisse
1608 824 1760 860 videtur
1795 823 1951 870 Eupolis

298 892 359 928 his
393 889 563 928 versibus
598 889 698 939 apud
731 890 868 928 Athen.
896 893 995 928 XIV.
1029 903 1066 940 p.
1097 894 1181 937 650.
1211 903 1241 927 a.

604 956 641 996 ἒς
665 961 813 1006 χαρίτων
839 959 899 1003 μὲν
926 957 1006 1007 ἔξει,
1033 956 1263 1002 καλλαβίδας
1289 955 1324 993 δὲ
1351 957 1474 1002 βαίνει,

604 1019 804 1075 σησαμίδας
830 1019 864 1063 δὲ
890 1024 996 1078 χέζει,
1029 1025 1131 1075 μῆλα
1158 1021 1192 1063 δὲ
1218 1028 1445 1078 χρέμπτεται.

300 1094 375 1129 Cfr.
411 1094 538 1128 Schol.
571 1094 686 1129 Arist.
721 1098 790 1129 Av.
827 1103 911 1137 284.
966 1099 1104 1130 Contra
1130 1097 1342 1141 Hipponici
1370 1098 1594 1141 parcitatem
1623 1106 1660 1130 et
1686 1095 1947 1135 sobrietatem,

300 1174 532 1213 quamquam
573 1173 654 1195 non
693 1161 775 1196 sine
815 1161 983 1209 quodam
1017 1162 1164 1197 ironiae
1199 1162 1329 1197 colore
1366 1162 1510 1197 indicat
1549 1162 1806 1212 fragmentum
1847 1158 1947 1208 apud

299 1228 438 1264 Athen.
467 1230 546 1262 VII.
573 1240 610 1274 p.
642 1236 727 1271 528.
755 1240 785 1263 e.
838 1228 1079 1263 Alcibiadem
1108 1230 1221 1263 etiam
1252 1230 1349 1263 male
1377 1229 1555 1264 habitum
1583 1242 1674 1271 esse,
1703 1229 1817 1263 docet
1842 1229 1950 1263 locus

298 1296 391 1332 ibid.
418 1298 503 1331 XII.
528 1306 565 1343 p.
594 1306 678 1339 555.
707 1306 739 1330 a.
799 1295 874 1331 Sed
899 1304 1051 1343 praeter
1076 1296 1202 1344 ipsum
1232 1297 1387 1333 Calliam
1412 1297 1580 1332 maxime
1607 1297 1794 1339 omnium,
1831 1307 1948 1344 quan-

297 1373 381 1400 tum
415 1362 571 1412 quidem
598 1376 618 1399 e
644 1362 868 1412 fragmentis
903 1363 1053 1400 fabulae
1085 1364 1326 1414 intelligitur,
1362 1367 1612 1413 Protagoram
1645 1374 1729 1400 tum
1762 1363 1947 1411 temporis

297 1431 456 1468 Athenis
481 1439 706 1473 versantem,
733 1431 911 1467 Schneid.
940 1432 987 1467 de
1013 1433 1189 1479 Xenoph.
1218 1436 1336 1468 Conv.
1363 1445 1398 1479 p.
1433 1444 1513 1476 135.
1541 1446 1596 1480 sq.
1624 1441 1845 1480 ceterosque
1864 1431 1945 1466 Cal·

297 1501 370 1535 liae
397 1508 647 1535 assentatores
675 1508 713 1535 et
739 1500 923 1547 parasitos
950 1495 1234 1547 κσιλισδαίμονσις,
1268 1501 1404 1537 Athen.
1432 1504 1495 1537 ΙΙΙ.
1524 1513 1560 1549 p.
1594 1512 1676 1536 100.
1704 1499 1755 1543 b.‚
1788 1500 1947 1535 insecta·

298 1576 358 1603 tus
386 1576 453 1609 est,
488 1578 583 1614 quos
610 1578 682 1602 nec
709 1566 812 1602 ferro
838 1579 908 1603 nec
935 1568 1016 1617 igni
1043 1567 1090 1603 ab
1118 1568 1239 1615 epulis
1265 1569 1458 1604 removeri
1483 1580 1594 1615 posse
1621 1568 1716 1603 dicit
1743 1568 1782 1602 in
1812 1566 1943 1614 fragm.

296 1648 354 1683 ap.
381 1634 572 1670 Plutarch.
601 1634 650 1670 de
675 1634 798 1671 Amic.
826 1644 865 1676 et
889 1635 1001 1672 Adul.
1028 1648 1065 1683 p.
1080 1647 1139 1680 50.
1167 1639 1214 1672 D.
1243 1645 1281 1672 et
1308 1636 1356 1672 de
1381 1636 1501 1684 princ.
1530 1636 1599 1671 vir.
1626 1636 1765 1683 philos.
1791 1646 1828 1682 p.
1858 1642 1940 1676 778.

295 1708 337 1740 E.
365 1703 424 1739 cll.
452 1702 500 1738 de
523 1702 645 1738 Amic.
673 1711 712 1739 et
736 1702 850 1739 Adul.
878 1715 915 1751 p.
946 1713 1003 1748 54.
1031 1707 1073 1740 Β.
1101 1702 1171 1740 ubi
1197 1703 1263 1752 qui
1291 1701 1450 1740 affertur
1475 1704 1678 1752 Eupolidis
1703 1713 1851 1739 versus:

703 1769 768 1807 τῶν
793 1774 872 1821 ’περὶ
895 1768 1040 1819 τάγηνον
1065 1773 1127 1808 καὶ
1152 1771 1225 1818 μετ’
1252 1768 1387 1822 digno-roxa
1414 1775 1536 1818 φίλων,

296 1852 342 1875 ex
370 1834 502 1874 eadem
530 1837 658 1874 fabula
684 1838 821 1875 ductus
849 1839 1013 1876 videtur.
1073 1840 1245 1877 Chorum
1273 1840 1422 1877 fabulae
1449 1854 1496 1877 ex
1521 1840 1611 1889 ipsis
1637 1840 1711 1875 illis
1738 1836 1943 1874 adulatori-

294 1907 364 1943 bus
392 1907 604 1943 constitisse
632 1920 678 1942 ex
703 1908 843 1944 Athen.
872 1911 932 1944 VI.
958 1921 995 1956 p.
1017 1921 1100 1952 2⁶7.
1128 1910 1371 1959 intelligitur,
1400 1909 1468 1946 ubi
1494 1909 1623 1945 munia
1650 1920 1716 1944 sua
1744 1915 1945 1955 totamque

295 1975 432 2024 agendi
459 1974 690 2023 vivendique
715 1976 907 2012 rationem
934 1975 1188 2013 festivissimis
1215 1977 1389 2013 versibus
1417 1976 1648 2013 describunt.
1700 1975 1946 2011 Lautissimis

295 2043 432 2079 Calliae
468 2043 602 2089 epulis,
641 2043 681 2079 in
715 2043 854 2092 quibus
889 2053 1013 2081 scorta
1041 2053 1078 2081 et
1104 2046 1243 2093 pocula
1270 2045 1531 2081 assentationis
1557 2044 1727 2092 praemia
1752 2055 1944 2092 propone-

293 2110 452 2151 bantur,
491 2110 653 2145 Maxim.
688 2114 777 2158 Tyr.
805 2114 865 2147 IV.
892 2124 930 2160 p.
964 2116 1026 2156 46.
1080 2114 1217 2149 Athen.
1244 2117 1322 2148 VII.
1358 2125 1394 2160 p.
1426 2115 1508 2153 286.
1536 2112 1584 2154 b,
1614 2125 1662 2148 ex
1690 2124 1763 2160 qua
1792 2112 1939 2147 fabulae

292 2187 399 2226 parte
424 2177 542 2233 petita
569 2187 657 2214 sunt
683 2191 779 2227 quae
794 2181 932 2217 Athen.
961 2184 988 2217 Ι.
1016 2193 1053 2230 p.
1085 2195 1141 2218 22.
1172 2181 1195 2217 f.
1224 2180 1399 2223 servavit,
1426 2180 1647 2216 lautissimis
1675 2180 1794 2230 igitur
1821 2178 1936 2227 epulis

298 2246 448 2293 excepti
472 2244 729 2281 adsentatores
751 2248 997 2294 rapacissimi,
1025 2247 1203 2297 denique,
1232 2257 1275 2283 ut
1295 2256 1352 2284 est
1369 2248 1408 2283 in
1422 2248 1512 2284 loco
1530 2249 1632 2297 apud
1646 2249 1788 2284 Polluc.
1805 2249 1868 2288 IX,
1886 2257 1935 2288 90
