2155 2624
1048 136 1123 196 :54

256 236 501 281 conjunctam
530 233 676 279 optime
704 241 912 278 cognoscas
940 243 960 264 e
987 231 1167 277 Xenoph.
1197 235 1314 267 Conv.
1344 237 1390 275 Π,
1420 246 1479 268 20.
1507 238 1572 277 111,
1604 247 1658 269 ιο.
1694 236 1753 269 IV.
1782 234 1832 269 in.
1869 243 1908 269 et

255 306 407 344 Hellen.
440 304 500 343 VI,
531 311 564 344 5,
594 302 627 334 6.
663 298 731 334 ubi
765 298 915 347 generis
951 297 1197 334 nobilitatem
1224 311 1243 334 a
1271 299 1498 347 Tlepolemo
1535 302 1641 338 ducti
1675 301 1908 338 intolerabili

255 375 370 420 jactat
402 368 630 417 arrogantia.
684 371 742 401 Ex
776 367 835 401 his
873 367 1025 414 qualem
1058 367 1100 401 in
1137 366 1347 402 domestica
1381 367 1459 401 vita
1486 380 1526 402 se
1551 369 1771 415 praebuerit
1796 369 1908 405 facile

256 437 492 486 intelligitur.
546 434 805 471 Matrimonio
838 433 1010 479 junctam
1045 434 1117 469 sibi
1151 434 1289 470 habuit
1323 434 1525 470 Glauconis
1564 433 1707 479 filiam,
1748 450 1795 473 ex
1834 449 1907 486 qua

253 505 521 554 Hipponicum
548 503 727 550 suscepit,
756 502 899 538 Andoc.
929 502 975 537 de
1002 504 1120 548 Myst.
1148 514 1184 549 p.
1208 515 1289 546 119.
1319 514 1433 550 quem
1459 511 1503 537 ut
1528 503 1706 550 Aspasiae
1733 505 1908 540 erudien-

254 575 348 611 dum
386 573 572 615 traderet,
614 580 748 607 auctor
789 570 824 605 ei
865 570 937 606 fuit
977 572 1167 612 Socrates,
1208 579 1303 606 teste
1337 570 1513 606 Maximo
1549 574 1639 617 Tyr.
1674 574 1845 615 XXVIII,
1872 583 1908 617 4.

253 645 413 678 Mortua
440 651 573 681 uxore,
601 638 845 674 Ischomachi
874 647 912 673 et
939 638 1154 684 Chrysiadis
1181 636 1302 674 filiam
1331 638 1452 681 duxit,
1498 650 1673 687 annoque
1706 639 1909 685 interjecto

254 723 302 746 eo
329 708 521 756 nequitiae
548 708 745 753 processit,
773 716 817 741 ut
844 719 978 742 socero
1005 716 1162 742 mortuo
1190 707 1304 742 etiam
1328 706 1574 751 Chrysiadem
1602 707 1769 749 duceret,
1797 707 1910 742 adeo-

253 788 328 826 que
363 775 477 811 simul
515 783 553 810 et
587 782 754 810 matrem
795 782 833 809 et
867 771 988 809 filiam
1029 772 1198 809 haberet.
1245 775 1288 809 V.
1324 773 1538 810 Andocides
1573 774 1595 808 l.
1629 774 1655 809 1.
1709 774 1909 821 Chrysiadi

251 845 418 890 junctus,
447 857 494 879 ex
523 855 596 891 qua
626 855 742 891 quem
770 851 986 889 susceperat
1012 840 1139 877 silium
1166 842 1293 888 primo
1322 841 1493 888 ejuravit}
1512 843 1661 889 Epilyci
1686 841 1806 877 filiam
1835 843 1909 878 sibi

252 925 416 949 uxorem
444 911 569 959 petiit,
599 910 660 945 cui
687 910 743 944 rei
774 921 862 944 cum
879 909 1097 945 Andocides
1125 908 1388 952 intercederet,
1416 908 1508 945 huic
1536 908 1631 946 adeo
1658 919 1824 947 mortem
1850 911 1909 948 in-

253 982 388 1017 tendit.
417 984 459 1014 V.
489 980 644 1015 Sluiteri
661 982 785 1013 Lectt.
814 978 911 1014 And.
937 991 974 1024 p.
1005 990 1064 1021 95.
1080 979 1114 1022 *)
1167 982 1209 1012 In
1236 990 1277 1012 re
1303 978 1458 1023 publica
1484 979 1681 1013 tractanda
1709 992 1798 1026 quas
1824 993 1910 1026 par-

254 1057 309 1084 tes
337 1054 518 1095 sequutus
547 1044 605 1086 sit,
636 1056 683 1080 ex
711 1056 757 1080 eo
785 1044 873 1079 satis
901 1043 1143 1094 intelligitur,
1172 1042 1275 1093 quod
1290 1044 1689 1082 Lacedaemoniorum
1715 1058 1909 1095 proxenus

254 1118 369 1152 fuisse
397 1115 623 1162 perhibetur
652 1114 753 1160 apud
779 1115 958 1160 Xenoph.
989 1119 1106 1149 Conv.
1124 1117 1221 1154 VIII,
1252 1126 1311 1156 59.
1335 1115 1486 1148 Hellen.
1514 1117 1560 1156 V,
1586 1124 1623 1157 4,
1643 1128 1701 1149 22.
1728 1119 1790 1157 VI,
1821 1127 1852 1158 5,
1872 1126 1908 1158 4.

254 1187 339 1233 Quo
379 1182 523 1217 factum
560 1189 627 1223 est,
665 1189 708 1215 ut
744 1180 945 1228 aliquoties
979 1182 1153 1228 Spartam
1184 1180 1287 1228 pacis
1329 1179 1589 1217 conciliandae
1627 1193 1737 1218 causa
1774 1182 1909 1219 missus

256 1254 316 1292 sit,
345 1264 418 1297 qun
447 1250 495 1284 de
521 1262 564 1284 re
592 1250 672 1295 ipse
699 1247 906 1295 magnifice
933 1248 1120 1294 gloriatur
1147 1248 1248 1293 apud
1275 1248 1453 1294 Xenoph.
1481 1248 1583 1282 Heli.
1605 1250 1667 1289 VI,
1694 1259 1727 1290 3,
1745 1258 1780 1292 4.
1810 1253 1909 1297 Quas

255 1318 468 1368 legationes
497 1328 574 1363 quo
602 1323 776 1362 tempore
805 1314 957 1356 obierit,
986 1314 1217 1362 ignoramus,
1244 1314 1318 1349 nisi
1347 1314 1450 1363 quod
1476 1323 1668 1362 postrema
1695 1316 1734 1351 in
1757 1317 1908 1364 Olymp.

254 1390 334 1428 CII,
374 1398 404 1419 ε.
441 1383 588 1418 incidit.
644 1383 819 1417 Eundem
854 1382 974 1429 priori
1011 1390 1185 1429 tempore
1220 1394 1308 1417 cum
1342 1381 1531 1429 Iphicrate
1564 1383 1602 1418 in
1638 1382 1741 1419 bello
1775 1385 1909 1421 Corin-

255 1455 382 1489 thiaco
420 1452 606 1486 exercitus
642 1459 857 1496 praetorem
893 1449 1007 1483 fuisse
1040 1458 1189 1484 constat
1224 1462 1244 1484 e
1277 1450 1455 1496 Xenoph.
1492 1451 1594 1486 Heli.
1622 1453 1684 1494 IV,
1714 1463 1748 1495 5,
1780 1463 1836 1496 15.
1871 1462 1911 1488 et

254 1521 437 1568 Hzn-pocr.
468 1533 493 1553 s.
522 1532 556 1552 v.
586 1514 720 1567 ξενικόν.
762 1516 941 1553 Daduchi
970 1529 1129 1552 munere
1155 1517 1195 1552 in
1225 1517 1429 1553 calliarum
1457 1517 1601 1555 familia
1628 1532 1773 1567 prope
1800 1521 1909 1557 here-

254 1590 394 1625 ditario
425 1589 664 1634 (Krueger
692 1585 737 1621 de
764 1588 860 1620 Pace
888 1585 1037 1620 Cimon.
1066 1597 1102 1632 p.
1133 1584 1234 1631 257.)
1264 1585 1443 1620 functum
1477 1598 1556 1620 esse
1583 1586 1726 1621 docent
1761 1587 1906 1623 Andoc.

252 1658 275 1692 l.
304 1657 327 1691 l.
357 1669 391 1703 p.
426 1668 506 1698 119.
535 1653 712 1700 Xenoph.
742 1653 843 1688 Heli.
872 1655 933 1694 VI,
964 1664 997 1696 3,
1028 1664 1060 1696 5.
1116 1653 1275 1688 Conviv.
1303 1654 1401 1694 VIII,
1429 1662 1490 1696 40.
1544 1656 1605 1689 De
1631 1663 1804 1702 tempore
1832 1668 1908 1703 quo

254 1724 414 1765 obierit,
456 1722 555 1756 nihil
591 1721 684 1756 certi
720 1729 889 1762 constat,
930 1720 1004 1754 nisi
1041 1719 1145 1768 quod
1181 1721 1300 1755 vitam
1335 1731 1424 1755 enm
1460 1720 1558 1756 ultra
1587 1722 1738 1769 Olymp.
1769 1725 1843 1765 CII,
1874 1736 1905 1759 ε.

253 1792 480 1840 produxisse
497 1789 790 1836 eXenophonte
816 1788 995 1829 vidimus,
1018 1787 1120 1822 unde
1142 1787 1394 1835 pergrandem
1420 1797 1514 1823 natu
1539 1789 1740 1825 hominem
1768 1790 1908 1826 obiisse

252 1859 496 1906 intelligitur,
532 1856 636 1904 quod
671 1857 712 1890 in
746 1865 849 1891 tanta
885 1855 1205 1904 flagitiosissimae
1240 1855 1341 1891 vitae
1373 1856 1614 1903 turpitudine
1647 1858 1779 1893 mirari
1816 1859 1905 1894 lice-

253 1936 323 1970 ret,
351 1926 425 1962 nisi
454 1937 618 1972 corpore
644 1937 756 1958 usum
786 1937 862 1959 esse
890 1924 1072 1959 sciremus
1099 1922 1260 1958 robusto
1289 1933 1326 1959 et
1353 1924 1400 1960 ad
1429 1925 1557 1960 omnia
1580 1924 1732 1962 ferenda
1752 1927 1906 1963 idoneo.

255 1995 309 2031 Cf.
339 1994 517 2041 Xenoph.
547 1997 667 2029 Conv.
695 1994 794 2032 VIII,
822 2001 883 2034 40.
937 1991 1080 2026 Mortis
1105 1992 1293 2026 rationem
1319 2004 1416 2027 unus
1443 1992 1600 2029 tradidit
1621 1994 1766 2030 Aelian.
1794 1997 1836 2030 V.
1856 1997 1905 2031 H.

255 2065 315 2104 IV,
347 2074 403 2105 23.
433 2062 538 2107 cujus
567 2070 696 2096 tamen
726 2059 896 2094 narratio
922 2070 1057 2106 parum
1084 2058 1200 2095 habet
1226 2059 1273 2095 ad
1299 2061 1585 2108 persuasionem
1611 2061 1906 2110 probabilitatis.

294 2203 327 2240 ¹²)
356 2203 479 2234 Praeter
507 2204 582 2234 duos
609 2204 683 2235 istos
705 2203 796 2234 etiam
819 2202 908 2234 alium
932 2202 996 2243 ejus
1019 2202 1110 2233 filium
1131 2210 1349 2234 commemorat
1370 2204 1591 2246 Theopompus
1613 2207 1693 2247 apud
1715 2206 1818 2237 Schol.
1839 2205 1907 2235 Ari>-

357 2251 460 2291 stoph.
481 2252 571 2291 Vcsp.
595 2251 680 2282 1260.
702 2249 820 2288 (1216.)
859 2246 897 2280 τΩ
924 2253 1053 2285 πολῖται,
1080 2249 1155 2279 δίκαι’
1178 2250 1297 2287 ποία-χω.
1322 2252 1371 2281 Τίς
1396 2254 1512 2282 πολίτης
1538 2252 1563 2281 3¹
1579 2255 1636 2280 ἐστὶ
1656 2254 1726 2284 arbit
1749 2268 1785 2275 --
1808 2265 1823 2279 ν
1848 2249 1908 2290 ἔς·

359 2294 459 2327 Σέκκς
480 2297 493 2323 ο·
512 2298 607 2328 Musis
628 2299 675 2327 καὶ
694 2299 734 2326 ⁴:0¹
753 2298 924 2326 Καλλίου
944 2294 1056 2325 u‘Sor.
1092 2296 1140 2326 Ad
1162 2308 1251 2337 quem
1273 2298 1376 2327 locum
1396 2299 1526 2338 respexit
1546 2299 1637 2329 etiam
1658 2297 1761 2328 schol.
1781 2298 1838 2326 Av.
1859 2299 1907 2328 31.

357 2344 408 2374 ubi
430 2343 490 2384 leg.
518 2339 609 2371 Σοίκιιι
630 2354 685 2384 pro
705 2343 794 2375 Σάκας
815 2349 845 2374 et
866 2343 896 2374 in
920 2341 1037 2374 Cratini
1056 2353 1144 2374 versu
1170 2345 1323 2384 τυστςέφῃ.
