2155 2624
1020 62 1085 111 15

230 166 346 194 stram
377 155 568 192 rationem
600 151 681 202 ipse
714 151 828 189 etiam
863 150 1065 189 confirmat
1096 152 1369 202 Aristophanes
1395 154 1481 189 Pac.
1512 163 1598 196 700.
1626 164 1741 202 quam
1769 152 1872 190 fabu-

228 226 306 262 lam
339 232 443 259 recte
473 221 643 259 Petitum
675 222 724 259 ad
756 222 908 270 Olymp.
942 224 1160 265 LXXXIX,
1194 233 1228 266 3.
1260 222 1434 259 retulisse
1460 221 1654 258 existimo.
1707 224 1751 257 In
1776 223 1874 257 Pace

228 292 348 344 igitur
380 290 508 327 fabula
532 290 558 326 l.
582 290 609 327 1.
636 291 843 327 sciscitanti
875 291 1092 336 Mercurio,
1128 290 1268 340 ecquid
1293 302 1426 327 rerum
1452 290 1624 327 Cratinus
1651 298 1751 340 agat,
1777 292 1875 337 Try-

229 372 344 410 gaeus
378 359 599 407 respondet:
650 356 841 403 οἰπέθανεν,
878 357 935 396 ὅθ’
960 360 991 395 οἱ
1013 356 1176 399 Λοίκωνες
1202 355 1388 402 ἐνέβαλον,
1412 376 1465 384 -·
1490 355 1706 407 ὥςακιοίο-ας·
1732 356 1774 393 οὐ
1800 355 1874 406 ’γεῖς

230 426 428 478 ἐξηνέσχετο
456 422 528 463 ἰδών
552 423 659 464 πίθον
684 423 940 476 καταγνύμενον
966 427 1051 463 οἴνου
1075 428 1200 463 πλέων.
1242 428 1329 475 Quo
1355 425 1444 462 loco
1470 437 1551 461 non
1577 426 1713 471 injuria
1739 425 1874 475 quaeri

228 505 365 545 potest,
393 508 596 545 quamnam
622 496 724 532 dicat
748 496 1021 543 Aristophanes
1046 493 1443 530 Lacedaemoniorum
1469 493 1738 529 incursionem.
1772 498 1873 530 Ano·

229 576 346 611 nymo
373 564 422 600 de
448 568 555 602 Com.
582 576 619 611 p.
647 566 787 599 XXIX.
814 563 981 610 primam
1006 562 1126 605 illam,
1154 574 1251 610 quae
1278 563 1462 599 archonte
1474 562 1701 608 Pythodoro
1718 562 1873 609 Olymp.

228 634 459 676 LXXXVII,
497 646 529 670 ι.
565 631 666 667 facta
700 639 768 673 est,
801 630 1039 666 invasionem
1065 630 1317 679 intelligenti:
1355 628 1506 677 τελευτᾷ
1540 624 1575 666 δὲ
1600 624 1877 676 Λακεδαιμονίων

228 702 275 739 εἷς
305 699 362 741 τῆν
393 697 547 738 Ἀττικήν
579 694 813 742 εἷσβαλόντων
845 696 888 733 ‘ro‘
919 697 1068 747 πρῶτον,
1108 696 1152 738 ὥς
1185 701 1288 744 φησιν
1311 695 1577 747 Ἀξιο-τοφοίνηςε
1614 698 1727 745 hujus
1753 697 1875 747 igitur

229 768 404 816 opinioni
436 775 658 813 temporum
690 765 857 801 rationes
889 767 1002 814 plane
1035 765 1298 813 adversantur;
1334 778 1459 815 neque
1491 766 1744 815 reliquarum,
1782 776 1875 814 quas

228 834 523 872 Lacedaemonii
548 834 590 870 in
616 834 783 871 Atticam
811 834 954 878 fecere,
1005 835 1303 884 impressionum
1337 834 1527 883 (Thucyd.
1550 838 1599 879 11,
1625 844 1688 879 47.
1720 837 1786 876 III,
1816 835 1875 868 26.

227 906 290 947 IV,
318 916 352 939 2.
378 906 459 946 VII,
489 904 562 949 19.)
590 903 667 938 ulla
695 912 772 946 est,
810 915 909 952 quae
935 904 1306 952 cum‘Aristophane
1333 904 1531 940 conciliari
1557 903 1689 951 possit.
1741 906 1876 950 Itaque

228 971 300 1007 nisi
327 970 428 1007 forte
449 970 644 1007 Brasidam
670 970 712 1007 in
726 970 863 1007 Nisaea
889 972 1150 1020 recuperanda
1178 980 1407 1020 occupatum
1421 971 1455 1019 ²⁶)
1482 972 1636 1019 Olymp.
1664 970 1876 1012 LXXXIX,

233 1051 263 1073 1.
291 1038 479 1073 exercitus
504 1046 653 1085 partem
678 1038 826 1074 misisse
852 1048 1010 1084 statuaS,
1050 1040 1118 1088 qui
1143 1040 1438 1076 Atheniensium
1463 1038 1562 1075 fines
1589 1040 1631 1074 in
1657 1047 1876 1073 transcursu

228 1104 471 1145 infestarent,
509 1103 610 1138 nihil
640 1105 810 1152 relinqui
842 1106 976 1148 video,
1011 1107 1086 1142 nisi
1111 1115 1156 1141 ut
1181 1107 1498 1154 Aristophanem,
1545 1103 1875 1154 quemadmodum

230 1182 398 1207 caussam
431 1170 570 1205 mortis
602 1170 749 1206 Cratini
784 1170 1015 1208 facetissime
1047 1173 1135 1208 lusu
1170 1182 1412 1208 commentus
1445 1182 1514 1215 est,
1547 1174 1600 1207 ita
1626 1173 1744 1207 etiam
1769 1171 1877 1205 illam

227 1237 625 1275 Lacedaemoniorum
650 1236 692 1273 in
716 1238 886 1275 Atticam
918 1240 1159 1276 invasionem
1185 1239 1342 1276 finxisse
1367 1249 1588 1277 statuamus.
1641 1238 1715 1275 Sed
1740 1237 1878 1280 missis,

228 1317 324 1356 quae
349 1305 391 1342 in
418 1303 638 1352 conjectura
663 1313 753 1342 sunt
776 1307 922 1354 posita,
956 1307 1054 1345 illud
1079 1316 1262 1356 tanquam
1289 1309 1372 1345 veri
1398 1307 1639 1344 simillimum
1666 1316 1875 1348 teneamus,

226 1385 360 1411 natum
386 1385 465 1410 esse
490 1372 690 1411 Cratinum
717 1374 869 1423 Olymp.
895 1378 1011 1418 LXV,
1043 1390 1075 1413 ι.
1100 1375 1243 1412 obiisse
1270 1385 1397 1412 autem
1424 1377 1577 1424 Olymp.
1600 1376 1812 1416 LXXXIX,
1842 1386 1875 1409 2.

226 1445 327 1479 Nam
355 1453 432 1489 quo
458 1440 541 1486 iure
567 1440 838 1485 Schneiderus,
891 1445 1043 1491 Quaest.
1071 1442 1119 1479 de
1146 1445 1325 1492 Xenoph.
1360 1447 1480 1480 Conv.
1505 1455 1544 1492 p.
1576 1455 1672 1488 132..
1705 1450 1876 1479 mortem

228 1509 307 1555 ejus
340 1508 389 1544 ad
422 1508 576 1556 Olymp.
609 1510 707 1554 XGI,
746 1522 780 1549 1.
814 1510 1011 1554 retulerit,
1053 1512 1201 1548 nescire
1233 1524 1297 1548 me
1330 1512 1462 1549 fateor.
1514 1511 1623 1548 Vidit
1648 1512 1768 1562 igitur
1791 1518 1878 1545 tum

228 1577 338 1613 initia
373 1575 513 1611 veteris
546 1575 782 1620 comoediae,
815 1585 901 1613 tum
932 1590 1154 1628 progressus
1187 1591 1455 1629 summamque
1481 1579 1560 1626 ejus
1586 1579 1874 1628 perfectionem.

227 1649 313 1693 Ipse
340 1644 389 1680 ad
413 1643 633 1681 scribendas
659 1644 805 1682 fabulas
830 1647 1074 1693 provectiore
1099 1647 1176 1693 iam
1203 1658 1324 1685 aetate
1350 1650 1522 1686 animum
1550 1649 1740 1699 appulisse
1771 1645 1875 1682 vide-

229 1720 303 1754 tur,
339 1711 529 1759 siquidem
562 1715 789 1758 Anonymus
823 1713 871 1750 de
905 1717 1012 1750 Com.
1046 1726 1084 1763 p.
1110 1717 1248 1752 XXIX.
1285 1725 1373 1764 post
1399 1717 1677 1767 octogesimam
1704 1714 1875 1764 quintam

229 1779 386 1815 demum
427 1779 579 1827 Olymp.
620 1780 660 1816 h.
693 1793 726 1817 e.
768 1782 1006 1832 octogesimo
1042 1784 1172 1820 aetatis
1207 1797 1309 1820 anno
1341 1785 1505 1832 primam
1546 1798 1635 1821 eum
1672 1780 1875 1819 victoriam

230 1845 411 1894 adeptum
438 1857 518 1881 esse
544 1855 721 1885 testatur:
759 1848 836 1898 νικᾷ
860 1848 954 1897 μετοὶ
975 1849 1034 1891 τήν
1059 1852 1110 1887 πέ
1127 1846 1377 1899 Ὀλυμπιάδα,
1416 1866 1513 1902 quae
1539 1858 1751 1901 repugnant
1778 1860 1875 1898 quo-

266 1980 301 2019 .)
326 1981 365 2012 V·
391 1981 526 2023 Thucyd-
555 1981 607 2019 IV,
633 1982 682 2014 20.
703 1994 770 2025 sqq.
795 1991 828 2016 et
846 1985 976 2017 DIodor.
997 1986 1059 2017 Sic.
1080 1987 1146 2025 ΧΠ,
1165 1986 1214 2020 67.
1234 1988 1287 2019 ubi
1307 1999 1385 2029 quae
1402 1989 1441 2019 de
1459 1986 1581 2019 Brasida
1600 1985 1750 2029 leguntur
1766 1982 1874 2015 verba:

331 2027 585 2066 ατιτλιξεῖμιης
602 2030 668 2061 ταὶς
690 2031 863 2067 Ἀθηναίους,
882 2032 1002 2064 wilmus
1018 2035 1069 2071 μὲν
1087 2037 1216 2072 ἐξέβαλεν
1234 2039 1264 2065 iz
1281 2039 1329 2068 τῖς
1346 2037 1475 2070 Νισαίας,
1493 2034 1539 2067 τὺ
1556 2034 1586 2064 ῗὶ
1606 2036 1690 2063 τέλη
1706 2049 1742 2057 --
1760 2034 1873 2061 ‘'n—02..

330 2076 458 2109 CfffflF-rss
477 2079 513 2108 ck
530 2077 576 2110 τὶν
595 2078 647 2106 ‘rs'
664 2077 890 2116 Aaeaedmpuu‘m
908 2085 1090 2119 συμμαχίαι,
1130 2082 1205 2114 haec
1233 2083 1326 2125 igitur
1349 2092 1448 2121 neque
1473 2092 1545 2113 cum
1570 2080 1748 2123 Thucydide
1774 2087 1874 2119 neque

331 2134 400 2155 cum
419 2123 486 2164 ipso
506 2123 582 2155 adeo
602 2124 740 2156 Diodoro
761 2126 916 2157 conciliari
936 2135 1073 2169 possunt.
1115 2129 1314 2160 scribendum
1334 2129 1429 2170 igstur
1452 2128 1571 2161 vovis-ove
1594 2131 1643 2166 μὲν
1663 2131 1713 2158 οὖα
1736 2128 1870 2165 ἓξίβιλσν.

330 2171 444 2201 Eadem
462 2171 570 2201 vocula
591 2172 734 2203 excidisse
750 2173 870 2204 videtur
883 2174 946 2204 ΧΠ.
962 2175 1011 2205 81.
1032 2178 1081 2205 καὶ
1100 2178 1161 2213 [ου’]
1181 2176 1285 2209 ronti!
1302 2177 1349 2208 τῆς
1367 2177 1469 2216 κε’ςας
1487 2176 1645 2217 ἳῃᾶτιντκ.
1665 2176 1714 2206 cll.
1735 2174 1870 2214 Thucyd-

332 2218 385 2255 vl,
409 2218 439 2249 7.
479 2217 609 2249 Gravior
642 2219 776 2258 ejusdem
803 2221 925 2262 generis
956 2222 1129 2264 corruptela
1162 2223 1257 2254 latere
1284 2223 1405 2254 videtur
1431 2225 1497 2262 ΧΠ,
1523 2224 1571 2255 39.
1597 2223 1648 2252 τῶ
1674 2225 1741 2252 θεὸι
1764 2220 1869 2257 auu-'¹-

333 2264 510 2308 Legendum
530 2265 648 2297 videtur
665 2267 716 2296 rt·
733 2264 871 2304 [δι’ἲαα]
889 2269 957 2298 913!
974 2269 1079 2307 ssupu'v.
1122 2283 1128 2288 ·
