2155 2624
1041 51 1076 105 7

235 140 463 188 quibusdam
496 145 812 185 argumentorum
844 134 987 171 finibus
1022 136 1323 183 circumscriptas
1360 136 1477 172 fuisse
1503 136 1705 183 probabile
1731 146 1798 178 est,
1824 138 1872 173 cf.

232 207 415 244 Muelleri
443 209 535 242 Dor.
571 208 617 241 II.
643 218 681 253 p.
709 215 806 249 551„
840 203 893 240 ita
926 213 1054 241 tamen
1082 214 1127 241 ut
1151 205 1232 252 ipsa
1258 205 1323 241 illa
1350 214 1576 255 argumenta
1603 217 1729 253 neque
1756 202 1874 241 artifi-

234 276 372 310 ciosius
400 274 612 322 excogitata
639 285 762 320 neque
790 272 836 307 ad
864 282 1011 308 certum
1037 274 1200 308 actionis
1226 270 1348 308 finem
1367 273 1510 308 directa
1528 273 1645 308 fuisse
1662 272 1875 308 videantur.

234 348 314 393 Qua
343 345 382 379 in
410 356 452 379 re
481 356 557 378 non
584 356 664 379 uno
692 342 756 378 sed
781 341 956 390 pluribus
984 342 1177 378 actoribus
1205 354 1318 377 usum
1342 354 1421 377 esse
1441 342 1703 385 Susarionem,
1729 341 1877 378 indicat

234 417 456 456 Anonymus
491 411 538 446 de
573 414 680 447 Com.
713 423 750 458 p.
777 413 935 446 XXXII.
970 410 1000 443 οἱ
1033 411 1114 457 περ)
1147 408 1370 458 Σουσαςίωνα.
1383 407 1418 454 *)
1451 407 1500 443 roe*
1528 407 1701 456 πςόσωπσι
1735 409 1876 457 εἰσ-’ἦγον

233 478 403 522 virdun-(2157
439 479 577 527 quibus
610 479 748 515 deinde
783 478 981 514 Cratinum
1017 476 1192 522 opponit,
1228 477 1294 524 qui
1322 477 1467 523 primus
1497 476 1672 512 omnium
1696 476 1742 512 τοὶ
1772 479 1802 513 ἒν
1831 475 1874 518 τί

233 543 391 594 κωμῳδίᾳ
405 545 579 597 πρόσωπα
594 543 804 595 μέχξιτςιῶν
823 544 1027 583 κατέστησε.
1069 545 1175 591 Quae
1202 543 1232 577 si
1259 555 1349 578 vera
1375 553 1475 587 sunt,
1501 543 1678 591 profecto
1705 544 1744 578 in
1770 545 1875 591 plau-

232 617 317 651 stris
351 617 433 650 illas
462 614 682 650 comoedias
710 613 882 646 actitatas
911 624 991 646 esse
1018 624 1154 658 parum
1181 612 1364 647 credibile
1391 621 1458 654 est,
1486 625 1581 660 quae
1606 612 1775 657 Bentleii
1802 612 1877 648 fuit

232 684 377 731 opinio,
411 679 663 718 Arundeliani
697 679 874 713 lacunam
907 679 1109 713 marmoris
1144 678 1290 725 Epoch.
1328 689 1387 723 54.
1415 680 1468 714 ita
1494 692 1515 714 e
1542 679 1759 724 conjectura
1786 691 1876 727 sup-

233 752 391 799 plentis:
426 748 493 793 (ἐφ’
522 742 561 782 οὗ
581 748 612 782 ἐν
634 745 659 781 οὶ
676 744 776 792 [miv]
794 759 848 786 αις
863 758 964 792 κωμῳ
979 740 1065 792 [Sim
1086 743 1308 796 ἐφοξέθησαν
1331 745 1418 793 ond]
1438 746 1503 783 τῶν
1525 746 1694 795 Ἰκαςιὲων,
1720 745 1873 796 εὑξόντος

232 819 472 866 Σουσαρίωνος.
527 814 647 862 Cujus
681 815 823 851 rationi
856 814 972 850 etiam
999 814 1075 850 hoc
1102 814 1240 857 obstat,
1276 816 1382 864 quod
1407 816 1574 863 plaustra
1600 815 1677 859 illa,
1704 816 1779 851 nisi
1805 815 1875 851 ubi

232 887 279 921 de
322 884 610 932 tragoediae
650 884 802 930 origine
844 883 990 930 agitur,
1044 895 1064 917 a
1104 884 1259 918 nemine
1299 897 1470 931 unquam
1508 892 1873 920 commemorantur.

233 951 413 1002 Quamvis
448 951 568 999 igitur
601 950 824 986 Susarionis'
849 958 1007 985 conatus
1040 950 1210 985 scenicos
1243 962 1321 985 non
1357 950 1453 986 adeo
1486 950 1732 999 imperfectos
1760 949 1876 986 fuisse

230 1031 418 1068 putamus,
446 1027 490 1053 ut
516 1019 631 1065 vulgo
660 1018 838 1059 creditur,
866 1018 927 1052 vel
953 1018 1007 1052 sic
1033 1026 1160 1052 tamen
1187 1026 1310 1052 totam
1337 1018 1416 1062 ejus
1444 1019 1637 1054 rationem
1664 1018 1876 1054 admodum

229 1089 367 1125 rudem
394 1094 432 1122 et
457 1086 696 1132 incomptam
725 1084 837 1120 fuisse
863 1097 986 1132 neque
1013 1085 1149 1132 populi
1177 1098 1367 1122 assensum
1395 1087 1538 1129 tulisse,
1566 1087 1626 1122 vel
1640 1086 1737 1123 illud
1755 1085 1874 1121 docu-

231 1163 364 1191 mento
398 1165 477 1188 esse
495 1161 649 1199 potest,
684 1151 788 1198 quod
820 1151 1008 1197 'proximis
1036 1154 1231 1200 octoginta
1258 1162 1345 1198 post
1372 1155 1615 1189 Susarionem
1644 1155 1751 1188 annis
1779 1153 1875 1187 adeo

233 1220 429 1259 obmutuit
461 1219 684 1263 comoedia,
717 1228 761 1255 ut
794 1219 895 1255 nihil
929 1218 1140 1268 quidquam
1174 1220 1220 1256 de
1255 1233 1379 1258 novae
1404 1222 1494 1258 artis
1521 1234 1727 1270 progressu
1754 1230 1793 1257 et
1819 1221 1876 1256 in-

232 1290 435 1327 crementis
464 1288 673 1331 audiamus,
701 1288 823 1322 immo
850 1299 899 1321 ne
927 1299 1070 1322 nomen
1099 1287 1257 1334 quidem
1283 1298 1432 1335 poetae,
1463 1290 1528 1336 qui
1562 1290 1601 1323 in
1638 1289 1776 1324 eodem
1811 1300 1875 1335 ge·

230 1373 321 1396 nere
349 1357 564 1401 elaborarit,
598 1369 619 1393 a
651 1357 810 1393 vetustis
842 1355 1095 1403 scriptoribus
1130 1366 1467 1393 commemoretur.
1521 1361 1603 1394 Nec
1629 1367 1760 1394 tamen
1785 1365 1875 1404 post

228 1427 353 1474 prima
386 1425 452 1460 illa
488 1424 688 1459 conamina
722 1435 877 1470 prorsus
913 1423 1080 1458 exulasse
1114 1435 1162 1458 ex
1197 1424 1322 1459 Attica
1356 1425 1531 1472 nihilque
1565 1425 1723 1460 interim
1749 1424 1873 1458 incre-

230 1493 352 1530 menti
379 1492 522 1539 cepisse
547 1491 703 1527 videtur
717 1490 936 1534 comoedia3
961 1490 1026 1525 sed
1055 1502 1145 1526 cum
1171 1491 1299 1526 minus
1325 1492 1530 1538 placuisset
1553 1493 1649 1529 haec
1674 1501 1756 1527 tota
1784 1503 1874 1527 con-

230 1559 398 1597 viciandi
432 1558 662 1608 jocandique
694 1558 794 1595 ratio
830 1556 1100 1606 spectantibus,
1139 1556 1298 1594 fortasse
1333 1559 1450 1595 etiam
1474 1559 1558 1596 aliis
1583 1558 1800 1596 rationibus
1827 1569 1875 1594 ex

230 1628 394 1665 civitatis
429 1636 530 1663 statu
562 1625 780 1676 repetendis
815 1625 1093 1668 accedentibus,
1130 1625 1275 1662 factum
1309 1635 1377 1670 est,
1411 1637 1456 1663 ut
1488 1628 1631 1664 minori
1672 1635 1874 1676 poetarum

229 1698 291 1733 vel
323 1696 558 1732 histrionum
594 1695 724 1731 studio
759 1696 950 1731 coleretur
974 1704 1013 1730 et
1040 1693 1121 1730 fere
1147 1695 1189 1730 in
1224 1695 1389 1731 obscuro
1424 1696 1677 1739 delitesceret,
1713 1695 1873 1731 fortasse

230 1776 279 1799 ne
305 1763 347 1797 in
373 1763 512 1799 urbem
539 1763 698 1811 quidem
724 1763 955 1799 intromissa.
983 1762 1210 1798 Aristoteles
1237 1762 1285 1798 de
1311 1766 1404 1798 Arte
1430 1772 1534 1811 poet.
1548 1766 1593 1806 V,
1618 1774 1651 1808 3.
1679 1755 1874 1807 ἡκωμῳδίσι

230 1827 285 1865 Sta*
308 1827 350 1864 τδ
370 1827 419 1875 μή
442 1826 710 1878 σπουδάζεσθαι
734 1827 772 1879 ἐξ
795 1829 906 1879 ἀρχῆς
927 1827 1067 1866 ἔλαθεν.
1096 1830 1303 1878 Octoginta
1329 1830 1490 1867 demum
1515 1840 1603 1878 post
1629 1828 1873 1865 Susarionem

229 1897 350 1939 annis,
385 1896 477 1933 inde
511 1897 558 1933 ab
597 1899 753 1946 Olymp.
779 1901 952 1936 LXXIII.
980 1898 1041 1934 vel
1067 1900 1238 1934 LXXIV.
1274 1898 1412 1936 eodem
1437 1898 1555 1948 igitur
1578 1906 1766 1945 tempore,
1794 1908 1872 1945 quo

268 2106 302 2144 ⁸)
321 2106 423 2147 Vulgo
444 2106 557 2147 legitur
574 2107 753 2145 Σαινυςίωι,
772 2116 851 2145 quae
870 2116 918 2136 res
939 2105 1124 2137 Casaubono
1145 2109 1182 2138 ad
1201 2108 1312 2138 Athen.
1333 2106 1395 2136 vn.
1419 2116 1450 2145 p.
1472 2104 1541 2136 286.
1564 2116 1590 2137 c.
1618 2106 1695 2137 adeo
1714 2106 1871 2147 imposuit,

331 2160 367 2185 ut
385 2153 621 2195 &muys-ionem,
658 2152 787 2194 Philyllii
808 2158 840 2183 et
860 2152 1016 2184 Str-attidis
1038 2154 1212 2194 aequalem,
1246 2153 1388 2193 antiquae
1411 2152 1589 2185 comoediae
1609 2159 1770 2194 poetarum
1792 2153 1869 2184 anti-

331 2201 506 2241 quissimum
527 2200 649 2231 diceret.
678 2200 909 2230 susm-ionis
929 2211 1041 2231 nomeu
1062 2201 1194 2231 restituit
1215 2201 1272 2237 iam
1293 2200 1466 2232 Pearsonus
1487 2200 1606 2231 Vindic.
1621 2200 1743 2230 Pseudo
1751 2201 1867 2241 dgna.

332 2248 370 2287 11,
390 2247 419 2279 1.
459 2247 541 2279 Idem
562 2256 646 2278 error
665 2246 746 2290 apud
765 2245 902 2288 Alciphr.
922 2245 1021 2288 Epist.
1041 2246 1093 2284 m,
1112 2245 1161 2278 55.
1182 2246 1232 2279 cu.
1252 2246 1371 2280 Aelian-
1398 2247 1471 2279 var.
1494 2246 1574 2280 ffist.
1594 2246 1672 2285 xm,
1700 2246 1745 2278 15.
