2155 2624
1058 98 1128 149 58

265 178 596 245 quemadmodum
630 193 813 228 Cleonem
846 189 894 224 ab
926 189 1201 237 Aristophane,
1235 192 1289 227 ita
1314 191 1396 228 fere
1420 192 1691 241 Hyperbolum
1717 191 1763 227 ab
1790 195 1917 239 Eupo-

263 261 348 300 lide
374 262 528 299 irrisum
555 258 671 294 fuisse
698 258 979 307 intelligamus:
1009 257 1115 305 cujus
1141 258 1369 295 imitationis
1395 260 1589 298 luculenta
1612 259 1738 298 afferri
1757 268 1918 309 possunt

269 331 452 378 exempla,
480 340 647 375 quorum
674 340 797 363 unum
823 327 954 374 posuit
980 327 1221 376 Spaldingius
1249 328 1297 363 ad
1325 329 1483 377 Quintil.
1510 332 1539 371 1,
1571 342 1630 372 io,
1661 339 1716 373 13.
1755 329 1829 365 Sed
1844 332 1916 364 Eu-

267 398 365 449 polis
392 396 507 432 etiam
535 403 700 431 matrem
727 395 910 438 hominis,
937 395 1190 430 temulentam
1217 395 1430 439 mulierem,
1458 396 1706 433 deridendam
1734 406 1917 445 spectato·

266 466 370 502 ribus
403 463 685 512 propinaverat,
718 463 760 499 in
795 475 872 512 quo
908 475 997 499 eum
1030 462 1241 510 Phrynichi
1269 463 1428 515 vestigia
1455 472 1659 515 sequutum
1687 477 1765 501 esse
1792 465 1919 503 crimi-

266 543 378 571 natur
410 533 696 581 Aristophanes.

330 599 340 603 ’
372 604 496 651 Quam
531 598 707 636 Πόλεων
740 602 901 638 nomine
935 601 1128 649 inscripsit
1163 601 1351 645 fabulam,
1396 600 1476 647 ejus
1516 610 1784 651 argumentum
1817 603 1922 639 haud

268 670 453 707 dissimile
487 669 603 704 fuisse
636 669 790 705 videtur
824 671 871 713 ei,
908 670 1013 719 quod
1039 670 1078 705 in
1106 667 1230 716 Δήμοις
1257 678 1499 716 tractaverat3
1527 679 1629 705 certe
1654 670 1822 719 graviter
1846 679 1921 705 tra-

268 739 376 775 ducit
414 737 709 774 Atheniensium
752 737 895 774 ducum
937 739 1166 787 pravitatem
1208 738 1308 787 apud
1340 738 1477 774 Athen.
1517 741 1564 774 X.
1607 750 1643 786 p.
1684 749 1769 782 [425.
1804 738 1840 774 b.
1884 746 1922 774 et

268 807 395 843 Schol.
443 806 558 842 Arist.
592 805 697 842 Nub.
734 816 818 850 533.
852 808 947 842 item
975 810 1144 842 Domum
1171 807 1397 855 I‘yrilampis
1423 805 1550 843 silium
1577 819 1633 855 ap.
1661 807 1785 844 Schol.
1812 809 1920 855 Vesp.

267 886 328 920 48.
362 875 433 911 ubi
465 875 561 923 leg:
614 873 678 920 Τῷ
704 873 955 923 Πυξιλνῖμπευς
987 869 1055 923 ἔξω
1088 873 1192 920 minag
1228 875 1369 920 κυφελη
1395 872 1565 917 ''Erec-rm,
1602 885 1640 910 et
1674 876 1923 911 Adimantum

271 943 373 992 apud
405 943 531 979 Schol.
565 945 659 978 Rau.
701 945 805 986 1561.
841 942 909 978 ubi
945 954 1016 990 pro
1052 938 1281 989 Λευκελόφευ
1307 941 1550 978 scribendum
1577 938 1849 988 Λευκολοφίδου,
1876 943 1922 998 de

271 1025 349 1060 quo
372 1011 532 1047 homine
559 1010 647 1045 vide
674 1014 715 1045 T.
744 1011 961 1046 Hemsterh.
992 1010 1038 1045 ad
1065 1011 1223 1045 Lucian.
1251 1013 1277 1044 1.
1304 1022 1339 1055 p.
1372 1022 1452 1052 157.
1482 1019 1519 1044 et
1545 1011 1747 1045 Heindorf.
1776 1011 1823 1045 ad
1842 1012 1923 1045 Pla-

272 1079 373 1117 tonis
409 1081 559 1128 Protag.
595 1090 632 1126 p.
666 1082 751 1123 486.
818 1081 954 1128 Neque
994 1076 1209 1115 lenioribus
1251 1078 1434 1115 conviciis
1474 1078 1680 1129 exagitavit
1717 1079 1923 1126 Amyniam

273 1148 368 1195 (sive
395 1148 604 1188 Aminiam,
642 1147 748 1191 cujus
782 1159 925 1182 nomen
955 1148 1069 1182 etiam
1096 1147 1245 1181 incerto
1272 1155 1407 1193 poetae
1436 1147 1536 1193 apud
1562 1148 1770 1194 Hephaest.
1797 1150 1858 1182 VI.
1885 1158 1922 1194 p.

275 1221 333 1262 56.
360 1229 433 1264 pro
459 1214 648 1262 Ἀμειψίαν
674 1215 973 1260 restituendum)
1009 1215 1111 1262 apud
1138 1215 1264 1250 Schol.
1292 1217 1404 1260 Vesp.
1436 1217 1562 1257 1265„
1595 1216 1792 1250 Simonem
1825 1214 1925 1260 apud

275 1285 403 1320 Schol.
438 1283 542 1318 Nub.
582 1293 687 1326 550„
723 1283 905 1327 Autolyci
938 1291 1103 1317 matrem
1138 1281 1238 1328 apud
1271 1281 1399 1316 Schol.
1434 1281 1591 1326 Lysistr.
1629 1293 1711 1324 270.
1753 1282 1820 1317 ubi
1852 1282 1923 1331 leg.

275 1350 357 1403 ἕξξει
393 1349 465 1391 πᾶς
498 1348 591 1399 ἁνήρ,
627 1351 847 1399 multosque
883 1351 930 1387 de
965 1351 1102 1386 eodem
1137 1363 1277 1398 genere
1305 1349 1408 1384 alios.
1461 1348 1642 1395 Ejusdem
1670 1351 1817 1386 fabulae
1844 1364 1925 1386 ver-

274 1433 359 1456 sum
394 1419 559 1454 auctoris
596 1418 757 1452 nomine
785 1419 908 1453 celato
935 1418 1100 1453 servavit
1127 1418 1204 1453 Dio
1234 1416 1428 1463 Chrysost.
1459 1419 1561 1452 Orat.
1590 1420 1745 1454 XXXII.
1773 1430 1809 1466 p.
1840 1423 1923 1463 655.

272 1489 364 1526 Rsk.
391 1485 538 1523 τοιαῦτα.
565 1487 595 1522 ἐν
621 1490 700 1526 ταῖς
727 1481 913 1533 κωμῳδίαις
940 1483 1115 1534 λέγεσθαι
1143 1481 1277 1531 δῆμος
1302 1485 1512 1525 πνυκίτνῑς
1538 1480 1754 1522 δύσκολον
1787 1485 1925 1536 Ὑεςόν.

274 1569 363 1593 τιον
395 1551 649 1600 ὑπόκωφον,
677 1556 739 1590 καὶ
772 1556 819 1590 τί
842 1548 873 1590 δ’
896 1553 987 1590 ἔστ’
1013 1551 1261 1597 Ἀθηναῖες,
1287 1550 1336 1588 τέ
1360 1551 1529 1601 πςᾶγμ’
1556 1551 1798 1600 οὶπώμοτσν.
1850 1554 1926 1589 Ubi

275 1625 414 1661 frustra
447 1624 621 1660 laborare
655 1623 785 1659 videas
818 1623 1060 1670 interpretes.
1127 1622 1238 1658 Prior
1278 1633 1368 1657 sane
1406 1620 1626 1656 notissimus
1664 1622 1927 1670 Aristophanis

277 1702 333 1729 est
359 1704 490 1728 versus
518 1704 565 1727 ex
591 1691 796 1739 Equitibus
822 1692 978 1738 petitus,
1007 1691 1101 1725 alter
1128 1699 1268 1731 autem,
1302 1688 1369 1736 qui
1396 1688 1449 1723 ita
1476 1688 1697 1724 scribendus
1724 1698 1800 1724 est:

692 1760 731 1794 ’τί
754 1752 778 1794 δ’
806 1757 875 1794 ἔστ’
901 1755 1113 1799 Ἀθηναίαισι
1140 1754 1274 1805 πρᾶγμ’
1307 1752 1506 1801 &mium-0113

278 1828 326 1863 ad
360 1839 463 1868 eam,
505 1826 552 1861 de
587 1839 661 1873 qua
697 1826 862 1874 agimus,
903 1824 1072 1860 fabulam
1099 1823 1321 1859 referendus
1349 1831 1424 1865 est,
1468 1831 1512 1857 ut
1537 1823 1725 1872 intelligas
1752 1836 1774 1859 e
1798 1826 1928 1861 Lexic.

279 1898 433 1946 Seguer.
462 1897 490 1931 Ι.
518 1907 555 1943 p.
582 1903 669 1938 441.
710 1896 771 1929 De
797 1902 985 1941 tempore,
1014 1904 1091 1941 quo
1119 1891 1320 1928 commissa
1345 1891 1393 1927 sit
1419 1889 1555 1935 fabula,
1583 1892 1615 1928 si
1641 1893 1801 1941 quaeris,
1826 1894 1931 1930 haud

280 1977 366 2000 sane
400 1973 489 2011 post
523 1963 713 1999 Chiorum
740 1960 999 1996 defectionem
1035 1959 1083 1995 ab
1110 1960 1406 1996 Atheniensibus
1435 1961 1586 2008 Olymp.
1612 1963 1709 2006 XCI,
1735 1971 1772 2007 4.
1799 1962 1929 1999 doceri

281 2031 422 2079 potuit,
456 2039 501 2067 ut
528 2029 700 2067 ostendit
725 2030 834 2066 locus
862 2028 963 2077 apud
990 2028 1117 2065 Schol.
1144 2028 1256 2064 Arist.
1284 2031 1353 2065 Av.
1383 2037 1468 2071 831.

1108 2095 1195 2138 αὕτη
1220 2098 1312 2139 Χίος,
1345 2094 1440 2137 καλή
1463 2091 1577 2140 πόλις,

538 2166 669 2212 πέμπει
696 2162 769 2215 ’γεῖς
796 2161 873 2212 ἡμῖν
900 2162 980 2205 ναῦς
1003 2161 1146 2215 μακροῖς
1172 2159 1297 2214 ἄνδρας
1322 2160 1370 2208 θ’,
1403 2161 1487 2200 ὅταν
1514 2156 1625 2214 δεήσῃ.

284 2232 406 2270 Aliud
444 2234 627 2279 temporis
663 2233 854 2270 indicium
891 2233 1050 2281 praebet
1090 2232 1349 2282 fragmentum
1388 2231 1490 2279 apud
1528 2232 1656 2269 Schol.
1693 2234 1778 2267 Pac.
1824 2243 1931 2276 ¹03¹-

287 2299 462 2350 quamvis
499 2308 740 2347 corruptum:
