2155 2624
1020 117 1097 177 4ο

230 229 268 265 p.
304 224 393 261 433.
427 218 513 259 436.
547 222 633 257 458.
689 215 795 261 Quae
829 224 850 247 e
883 211 1084 248 literarum
1118 215 1382 249 monumentis
1417 213 1520 250 effici
1553 222 1712 263 possunt
1738 226 1792 250 eo
1826 227 1885 251 re-

234 285 367 328 deunt,
400 292 454 325 ut,
489 282 556 330 qui
582 293 666 317 mos
695 280 769 316 fuit
797 281 1037 316 comicorum
1064 293 1302 331 graecorum,
1339 282 1501 319 alterum
1536 284 1689 320 alterius
1714 282 1886 319 versibus

235 364 418 401 tanquam
453 350 531 386 suis
565 362 680 385 usum
714 361 794 384 esse
828 357 1048 384 statuamus.
1100 350 1267 397 Eupolin
1306 349 1347 384 in
1385 351 1535 386 Marica
1574 352 1768 387 imitatum
1807 363 1887 387 esse

233 420 401 469 Equites,
428 419 510 466 ipse
537 418 644 453 testis
672 425 729 452 est
754 417 949 464 Aristoph.
976 416 1081 453 Nub.
1111 426 1196 461 549.
1225 420 1365 453 Contra
1386 417 1680 464 Aristophanem
1706 420 1748 455 in
1773 418 1889 467 Eqm'-

233 488 338 525 tibus
353 487 557 535 Eupolidis
585 498 701 533 opera
728 498 841 524 usum
869 498 959 528 esse,
988 494 1071 520 tum
1097 485 1162 520 hic
1189 485 1269 532 ipse
1296 485 1337 520 in
1364 486 1494 532 Baptis
1520 487 1653 520 retulit
1679 499 1736 534 ap.
1760 487 1885 523 Schol.

233 555 339 595 Nub.
367 555 400 591 .l.
428 555 453 591 l.
491 564 530 592 et
560 555 689 603 Equit.
731 563 838 596 1988,
873 562 957 589 tum
994 554 1168 590 Cratinus
1203 562 1358 589 testatus
1394 562 1451 588 est
1478 565 1535 601 ap.
1564 554 1690 589 Schol.
1720 553 1767 589 ad
1792 558 1888 603 Equ.

236 628 323 670 528.
351 623 420 659 ubi
436 623 733 669 Aristophanem
761 622 986 670 perstringit
1013 619 1057 661 ῶς
1081 620 1129 657 τοὶ
1143 615 1335 661 Εὐπόλιδος
1361 622 1523 668 λέγεντα.
1547 621 1666 667 ⁴Cujus
1684 621 1748 656 >rei
1775 633 1892 669 quam

240 704 391 729 causam
426 689 735 726 comminiscitur
767 689 1083 737 Kannegiesserus
1111 690 1135 724 l.
1153 702 1196 725 1c.
1223 702 1260 737 p.
1288 698 1374 733 428.
1403 701 1444 724 ea
1471 690 1573 724 nulla
1600 698 1668 731 est,
1695 700 1783 725 cum
1809 687 1892 735 ipse

235 758 393 807 Eupolis
419 757 560 805 passim
588 757 772 793 Cleonem
798 757 945 800 riserit;
973 770 1098 805 neque
1123 756 1299 805 profecto
1325 757 1357 792 is
1385 766 1465 793 erat
1490 757 1661 805 Eupolis,
1687 765 1733 792 ut
1758 767 1891 805 quem-

237 840 353 877 quam
381 825 711 863 extimescendum
738 825 812 861 sibi
839 834 1011 873 putaret3
1039 838 1117 874 quo
1144 825 1291 862 accedit
1318 825 1422 874 quod
1448 826 1522 873 ipsi
1547 825 1606 861 illi
1626 837 1767 868 versus,
1795 834 1892 873 quos

236 895 514 943 Aristophanes
541 898 636 942 Equ.
670 903 766 936 1238
794 906 874 942 sqq.
904 893 949 929 ab
976 893 1166 941 Eupolide
1193 894 1396 941 sumpsisse
1423 894 1575 937 dicitur,
1601 893 1700 930 nihil
1725 893 1766 929 in
1787 893 1893 929 Cleo-

238 976 331 1001 nem
371 963 519 999 dictum
556 962 768 997 continent.
822 961 948 996 Etiam
983 961 1023 996 in
1051 964 1189 1009 Vespas
1215 962 1398 997 nonnihil
1423 958 1720 1009 Aristophanem
1747 973 1794 997 ex
1819 964 1894 997 Eu·

237 1031 379 1080 polidis
406 1028 526 1078 Χρυσῷ
560 1030 646 1075 ’γένει
683 1028 888 1070 derivasse,
928 1041 948 1063 e
975 1029 1103 1064 Schol.
1137 1028 1185 1064 ad
1216 1038 1321 1072 1318.
1358 1027 1502 1075 (1269.)
1530 1029 1785 1077 intelligitur,
1824 1028 1895 1063 ubi

237 1098 432 1149 paeonicis
448 1096 618 1132 numeris
633 1095 880 1132 scribendum
908 1106 964 1132 est
991 1089 1017 1131 ὦ
1041 1092 1249 1146 κατάλαβξ
1278 1089 1304 1132 ‹5›
1329 1091 1626 1146 κιθαξαοιδότοιτε.
1662 1099 1775 1132 Hanc
1791 1096 1894 1133 enim

238 1166 439 1215 Eupolidis
477 1164 645 1200 fabulam
679 1173 767 1199 ante
800 1167 940 1211 Vespas
976 1164 1220 1200 commissam
1255 1177 1334 1201 esse
1367 1165 1469 1200 infra
1503 1164 1716 1201 docebitur.
1775 1167 1895 1201 Porro

238 1234 409 1284 Eupolin
443 1232 567 1282 tangit
599 1231 794 1279 Aristoph.
828 1234 914 1267 Pac.
948 1235 1032 1274 762.
1065 1231 1135 1267 ubi
1163 1232 1288 1267 Schol.
1320 1232 1504 1267 αἰνίττεται
1531 1225 1566 1267 δὲ
1592 1232 1638 1272 εἰς
1662 1228 1812 1268 Εὔπολιν
1836 1233 1898 1267 κα.)

241 1302 321 1341 τούς
343 1303 422 1350 τῖες)
443 1298 546 1335 αὐτόν
573 1297 617 1338 ὥς
641 1295 768 1333 mam
785 1297 928 1348 ἐρῶντας
950 1301 1012 1333 καὶ
1034 1302 1264 1347 παλαίστρας
1284 1301 1568 1347 πεξιεξχομὲνους,
1596 1300 1700 1348 quod
1716 1300 1840 1347 ipsum
1857 1300 1897 1335 in

241 1369 541 1416 Aristophanem
577 1366 719 1412 jecerat
752 1366 910 1413 Eupolis
942 1366 981 1402 in
1020 1367 1210 1413 Autolyco
1239 1378 1296 1414 ap.
1325 1366 1451 1403 Schol.
1479 1369 1589 1415 Vesp.
1621 1379 1729 1404 1020.
1758 1379 1832 1417 qua
1857 1368 1898 1403 in

245 1438 372 1474 fabula
400 1436 516 1471 etiam
544 1434 640 1469 illud
664 1434 698 1468 ei
727 1434 881 1469 crimini
909 1433 1078 1476 dederat,
1107 1434 1212 1481 quod
1226 1434 1333 1469 Pacis
1360 1443 1523 1470 statuam
1550 1435 1591 1470 in
1606 1436 1750 1484 Aegina
1776 1436 1898 1471 insula

243 1506 408 1556 positam
444 1503 654 1539 evertisset.
684 1493 734 1537 vV.
770 1502 898 1538 Schol.
934 1502 1083 1538 Platon.
1118 1504 1193 1538 Ms.
1228 1502 1330 1550 apud
1367 1503 1580 1539 Seidlerum
1615 1505 1727 1540 Arist.
1763 1504 1898 1552 fragm.

243 1588 281 1622 p.
320 1584 377 1615 23.
431 1571 608 1617 Denique
644 1569 690 1603 ad
727 1570 961 1604 simultatem
988 1570 1089 1604 hanc
1121 1570 1292 1617 utrisque
1319 1570 1622 1605 intercedentem
1650 1580 1818 1617 spectare
1844 1572 1899 1604 vi·-

246 1642 386 1678 dentur
413 1637 687 1688 elegantissimi
723 1650 852 1673 versus
872 1637 1077 1685 'Eupolidis
1107 1637 1206 1685 apud
1234 1635 1443 1673 stobaeum
1470 1640 1588 1674 Serm.
1616 1641 1676 1674 IV.
1704 1650 1739 1686 p.
1772 1649 1830 1684 53.
1858 1639 1900 1675 in

247 1708 386 1757 quibus
423 1706 671 1754 conqueritur
703 1715 829 1754 poeta,
860 1705 971 1753 >quod
996 1705 1205 1754 peregrinis
1233 1713 1381 1741 tantum
1401 1706 1532 1752 ‘poetis
1560 1718 1668 1742 aures
1694 1706 1902 1754 praebeant

248 1776 513 1813 Athenienses:

507 1837 544 1880 viv
578 1836 612 1875 δέ
645 1852 694 1880 τις
725 1839 789 1876 τῶν
815 1836 930 1876 ἐνθάδ’
959 1837 1067 1874 αὑτοῦ
1092 1834 1232 1886 msam}
1255 1843 1368 1889 χεῖρον
1395 1839 1523 1890 φξονῶν

510 1904 709 1947 ἐπιτίθηται
735 1906 778 1957 τῇ
802 1904 943 1950 ποιήσει,
976 1903 1069 1942 πάνυ
1096 1902 1326 1948 suerum&
1353 1911 1493 1958 φρονεῖν,

250 1988 289 2017 et
310 1989 407 2028 quae
434 1984 657 2025 sequuntur,
677 1974 825 2023 ¹quibus
850 1983 1003 2023 praeter
1029 1974 1121 2012 alios
1148 1975 1263 2012 etiam
1289 1976 1595 2026 Aristophanem,
1635 1989 1774 2027 genere
1799 1978 1903 2016 Rho-

253 2048 374 2088 dium,
403 2045 520 2093 tangi,
549 2044 653 2079 haud
682 2052 828 2078 temere
855 2043 994 2090 opinor
1020 2042 1258 2079 affirmamus.

354 2112 511 2149 Fabulas
538 2111 707 2159 Eupolin
735 2110 927 2158 scripsisse
953 2110 1242 2159 quatuordecim
1270 2111 1365 2149 dicit
1390 2116 1510 2149 Anon.
1529 2113 1697 2150 decom.
1713 2126 1750 2162 p.
1765 2117 1903 2151 XXIX.

254 2181 410 2218 Rectius
429 2179 562 2215 Suidas
589 2178 854 2226 septendecim
882 2177 1096 2215 fabularum
1124 2192 1211 2215 eum
1240 2189 1435 2216 auctorem
1460 2182 1649 2228 perhibet,
1677 2182 1816 2230 quibus
1843 2181 1905 2217 ad-

257 2247 384 2285 denda
401 2247 556 2283 fortasse
583 2246 732 2283 decima
761 2255 894 2282 octava
913 2247 1102 2291 Νουμηνίαι
1126 2248 1320 2296 inscripta,
1350 2260 1464 2297 quam
1482 2248 1528 2285 ab
1545 2262 1624 2285 uno
1643 2248 1905 2295 Aristophanis

255 2314 462 2354 scholiasta
497 2314 536 2348 in
569 2318 726 2364 Argum.
761 2315 1063 2352 Acharnensium
1097 2325 1439 2354 commemoratam
1477 2326 1582 2353 recte
1620 2314 1820 2361 Elmslejus
1860 2315 1906 2352 ad
