2155 2624
253 653 375 718 Cum
408 675 529 710 multa
563 672 704 708 habeat·
736 682 894 720 graecae
927 669 1166 718 antiquitatis
1199 668 1472 718 pervestigatio
1508 669 1656 718 egregia
1683 668 1731 706 ad
1755 668 1895 706 libera·

250 743 328 779 lem
362 741 508 791 ingenii
543 740 693 775 cultum
727 747 765 774 et
799 737 1058 774 eruditionem
1093 736 1324 784 adjumenta,
1359 745 1443 773 tum
1476 736 1581 774 haud
1613 737 1693 774 scio
1720 748 1768 773 an
1793 735 1895 773 nihil

251 812 319 854 sit,
358 810 399 844 in
436 819 513 856 quo
547 807 630 855 quis
667 819 755 843 cum
788 806 927 853 majori
962 814 1001 841 et
1033 806 1209 842 utilitatis
1247 814 1285 841 et
1318 805 1526 853 voluptatis
1560 804 1690 842 fructu
1722 803 1895 841 studium

253 888 484 926 operamque
510 887 617 911 suam
641 876 829 913 collocare
855 874 987 922 possit,
1014 886 1131 923 quam
1157 874 1199 910 in
1226 873 1363 910 idonea
1382 873 1585 917 literariae‚
1612 885 1728 922 quam
1744 881 1894 915 vocant,

250 945 434 981 historiae
459 944 736 991 explanatione.
788 946 890 980 Nam
917 943 949 978 si
975 954 1018 978 ea
1045 951 1102 978 est
1127 942 1247 978 animi
1274 941 1374 978 bene
1400 953 1420 978 a
1446 950 1581 978 natura
1608 940 1810 978 informati
1835 940 1894 976 in·

252 1012 356 1054 doles
391 1021 429 1049 et
461 1011 581 1054 ratio,
621 1020 666 1047 ut
698 1023 829 1047 earum
861 1010 1028 1047 maxime
1060 1023 1190 1047 rerum
1216 1009 1543 1059 contemplatione
1569 1009 1760 1058 capiatur,
1802 1020 1894 1058 quas

250 1092 330 1116 non
363 1089 507 1115 temere
541 1087 580 1113 et
613 1090 712 1119 casu,
751 1078 818 1113 sed
842 1087 998 1113 naturae
1023 1077 1172 1125 legibus
1199 1077 1475 1113 convenienter
1499 1075 1587 1113 fieri
1612 1076 1755 1119 videat,
1793 1076 1894 1112 nihil

248 1145 423 1194 profecto
458 1145 639 1192 reperias,
678 1144 785 1192 quod
814 1145 877 1180 vel
909 1144 957 1180 ad
982 1144 1189 1193 ingenuam
1215 1145 1333 1179 animi
1360 1143 1663 1180 oblectationem
1685 1142 1893 1188 iucundius

250 1214 310 1248 vel
345 1213 392 1248 ad
427 1211 662 1260 antiquitatis
696 1211 885 1247 rationem
909 1219 1082 1247 accurate
1107 1210 1415 1259 perspiciendam
1441 1209 1675 1246 fructuosius
1701 1221 1782 1247 esse
1807 1220 1894 1259 pos·

249 1282 309 1322 sit,
337 1293 450 1328 quam
477 1280 509 1315 si
536 1280 584 1315 ad
607 1291 738 1315 earum
756 1279 896 1314 artium
913 1279 1255 1327 doctrinarumque
1271 1279 1474 1314 historiam
1489 1279 1642 1325 penitus
1660 1290 1894 1328 cognoscen-

249 1347 336 1383 dam
362 1355 400 1383 te
428 1346 597 1389 dederis,
632 1358 728 1394 quae
762 1358 842 1382 non
878 1345 1038 1382 fortuita
1065 1346 1228 1395 quadarn
1255 1346 1363 1381 velut
1388 1354 1609 1382 atomorum
1637 1346 1893 1383 concursione

249 1413 437 1450 conflatae
464 1414 525 1448 vel
551 1412 769 1448 umbratico
797 1413 973 1449 acumine
999 1414 1188 1456 inventae,
1217 1413 1284 1448 sed
1310 1426 1331 1448 e
1358 1413 1435 1449 suis
1455 1414 1681 1462 progenitae
1695 1412 1891 1449 radicibus

248 1481 354 1530 quasi
386 1493 454 1528 per
480 1480 617 1529 gradus
645 1480 831 1528 quosdam
858 1493 878 1516 e
904 1480 1113 1516 necessaria
1139 1489 1178 1516 et
1203 1481 1439 1517 immutabili
1464 1481 1551 1530 lege
1575 1490 1735 1518 naturae
1761 1480 1808 1517 ab
1835 1481 1892 1516 in-

247 1548 522 1598 geniosissimis
560 1547 784 1583 hominibus
823 1546 872 1583 ad
909 1547 1009 1584 illud
1046 1547 1243 1597 fastigium
1284 1548 1472 1585 adductae
1511 1557 1617 1592 sunt,
1659 1557 1704 1585 ut
1728 1547 1892 1597 posteris

248 1628 405 1652 omnem
436 1626 557 1664 prope
591 1614 851 1664 consequendi
883 1615 942 1651 sui
975 1627 1084 1664 spem
1110 1615 1294 1653 ademisse
1320 1616 1533 1654 videantur.
1585 1619 1720 1666 Itaque
1745 1625 1786 1654 et
1809 1616 1891 1665 ipse

247 1695 522 1731 saepenumero
550 1682 658 1719 dolui
685 1692 725 1718 et
750 1683 844 1719 alios
871 1683 1037 1720 doluisse
1064 1683 1255 1726 existimo,
1283 1683 1562 1722 eruditissimos
1587 1696 1760 1733 quosque
1777 1686 1891 1721 Grae·

247 1751 328 1787 ciae
360 1751 589 1799 interpretes
623 1751 665 1787 in
697 1750 771 1787 hac
795 1751 1042 1800 potissimum
1068 1751 1305 1801 antiquitatis
1330 1760 1440 1800 parte
1467 1751 1637 1789 ornanda
1661 1751 1888 1788 industriam

248 1818 437 1855 collocare
464 1830 573 1853 suam
598 1819 788 1866 noluisse3
822 1819 928 1867 quod
962 1820 995 1856 si
1029 1819 1219 1862 fecissent,
1246 1831 1325 1856 non
1351 1820 1491 1857 harum
1515 1828 1665 1856 tantum
1690 1820 1889 1854 literarum

245 1885 435 1922 rationem
461 1896 682 1935 nexumque
708 1887 840 1935 paullo
873 1888 1011 1924 melius
1036 1896 1273 1931 teneremus,
1306 1886 1373 1924 sed
1399 1887 1448 1924 de
1473 1887 1558 1924 aliis
1579 1898 1733 1936 quoque
1749 1885 1888 1923 doctae

247 1952 483 2002 antiquitatis
515 1953 687 2001 partibus
712 1955 907 2004 aliquanto
933 1957 1078 1994 rectius
1100 1955 1272 2003 judicare
1297 1956 1412 1994 nobis
1438 1956 1582 1993 liceret.
1634 1958 1754 1994 Nunc
1779 1966 1886 1999 veto,

245 2029 290 2058 ut
315 2020 363 2057 de
390 2021 525 2058 ceteris
551 2034 632 2057 non
658 2022 786 2060 minus
813 2023 994 2073 gravibus
1020 2033 1179 2068 taceam,
1205 2037 1256 2062 ne
1282 2024 1452 2061 scenicae
1478 2021 1640 2072 quidem
1652 2024 1887 2060 Graecorum

244 2088 396 2138 poesios
427 2100 545 2125 unam
579 2089 786 2126 alteramve
818 2098 968 2138 partem
1000 2091 1055 2128 ita
1081 2104 1101 2127 a
1130 2104 1323 2141 quoquam
1356 2090 1587 2138 explicatam
1612 2099 1805 2134 tenemus,
1842 2099 1887 2127 ut

246 2164 434 2206 quantum
466 2153 664 2193 effecerint
692 2156 734 2194 in
767 2169 810 2193 ea
846 2157 981 2193 Graeci
1012 2158 1125 2205 plane
1157 2166 1401 2206 perspectum
1432 2157 1654 2209 habeamus.
1718 2162 1821 2196 Nam
1854 2157 1886 2193 si

246 2235 324 2268 eos,
350 2235 518 2274 quorum
542 2224 691 2275 integra
717 2232 920 2273 superth
945 2236 1072 2274 opera,
1099 2225 1305 2274 exceperis.
1332 2234 1552 2265 ceterorum
1575 2225 1619 2263 in
1643 2224 1722 2264 hoc
1745 2236 1885 2276 genere

1270 2297 1304 2329 A
