2155 2624
1066 57 1136 109 32

272 149 414 184 Athen.
441 152 506 184 XI.
534 160 571 196 p.
598 151 684 191 461.
714 160 744 182 e.
784 146 1020 182 Trimetrum
1047 147 1258 183 iambicum
1288 161 1335 184 ex
1361 149 1499 186 iisdem
1526 150 1642 186 habet
1667 150 1771 186 idem
1793 152 1929 187 Athen.

274 220 340 253 111.
368 229 406 265 p.
436 220 494 260 76.
524 229 554 252 c.
582 215 741 250 fortasse
769 215 886 250 etiam
912 218 993 250 XV.
1021 227 1057 263 p.
1088 227 1174 258 700.
1203 215 1239 251 d.
1293 219 1353 251 De
1382 218 1458 252 alio
1484 219 1574 255 loco
1600 222 1680 255 XV.
1706 232 1742 268 p.
1773 222 1857 262 667.
1893 218 1928 254 d.

275 286 377 322 nihil
413 285 505 322 certi
540 282 701 320 definire
733 284 836 320 licet.
890 286 1048 320 Prorsus
1075 284 1281 334 singularia
1309 293 1398 320 sunt
1425 297 1521 334 quae
1550 289 1680 325 attulit
1707 302 1753 326 ex
1780 301 1824 325 eo
1853 300 1931 325 car·

275 355 380 390 mine
405 352 533 389 schol.
561 352 675 388 Arist.
702 353 800 388 Plut.
832 364 930 396 701„
959 364 1006 388 ex
1034 352 1172 401 quibus
1201 353 1349 402 colligit
1375 354 1710 399 Hemsterhusius,
1737 361 1784 393 Ia
1795 357 1928 392 mbos

274 435 353 459 non
388 421 613 458 comoediae
647 421 763 457 fuisse
796 421 974 465 titulum,
1006 421 1075 458 sed
1110 421 1235 469 operis
1264 435 1310 457 ex
1336 421 1511 469 pluribus
1540 422 1786 473 diversaeque
1814 434 1931 462 mate-

272 491 351 526 riae
385 489 622 526 carminibus
656 489 832 526 iambicis
867 489 1036 526 conssati.
1091 490 1209 539 Atqui
1236 490 1404 525 vidimus
1431 490 1472 525 in
1499 491 1545 526 iis
1574 492 1689 528 etiam
1715 495 1930 530 trochaicos

272 572 404 595 versus
430 560 561 594 locum
588 558 776 593 habuisse.
817 562 958 594 Tetra
971 568 1149 594 metros
1178 559 1344 607 denique
1371 569 1649 596 commemorat
1674 561 1801 597 Schol.
1817 562 1929 597 Arist.

273 630 343 663 Av.
373 636 456 671 504.
489 627 576 661 loco
605 626 909 673 corruptissimo.

374 695 583 743 Hermippi
615 694 773 731 fratrem
807 697 1029 731 Mm'rrzmu
1063 694 1193 739 fuisse,
1226 708 1338 743 supra
1363 708 1387 731 e
1414 695 1528 732 Suida
1555 696 1788 741 monuimus,
1824 696 1929 744 cujus

272 765 394 800 vitam
428 773 567 812 utpote
604 764 647 799 in
683 765 867 811 cauponis
896 774 934 800 et
961 763 1128 800 tabernis
1155 773 1385 800 transactam
1412 766 1517 815 tangi
1543 774 1677 813 putant
1711 766 1757 803 ab
1790 766 1928 803 Athen.

272 836 373 868 xm.
409 845 446 880 p.
485 836 571 875 566.
601 832 624 866 f.
655 845 701 867 ex
730 845 807 880 quo
834 833 944 875 1000,
986 846 1074 868 cum
1109 832 1400 868 mendosissime
1436 834 1596 880 scriptus
1631 847 1709 869 esse
1742 835 1929 876 videatur,

274 902 375 936 nihil
411 900 600 946 ejusmodi
637 899 784 936 efficias.
839 901 928 946 Ejus
962 901 1055 936 duas
1093 900 1238 936 fabulas
1274 910 1552 937 commemorat
1580 902 1732 945 Suidas‚
1773 904 1930 939 alteram

265 967 412 1020 Ἔςωτες
446 969 687 1015 inscriptam,
724 982 772 1004 ex
806 982 878 1017 qua
913 969 1011 1003 nihil
1047 968 1352 1018 fragmentorum
1386 979 1574 1017 superest,
1602 970 1760 1006 alteram
1788 968 1929 1007 Τιτανό-

270 1049 394 1079 armes,
433 1037 572 1083 passim
608 1049 627 1071 a
663 1038 919 1085 grammaticis
955 1037 1021 1071 sed.
1055 1037 1135 1071 fere
1169 1046 1351 1083 corrupto
1385 1037 1536 1073 fabulae
1570 1038 1684 1073 titulo
1724 1038 1927 1074 laudatam.

271 1105 386 1153 Apud
413 1105 540 1140 Schol.
574 1105 687 1141 Arist.
720 1108 788 1157 Ay.
829 1114 935 1150 1490.
971 1106 1151 1155 Μυξτίλος
1186 1105 1217 1140 ἐν
1249 1103 1290 1156 τῇ
1316 1107 1354 1142 T
1356 1103 1516 1156 cevwroe'ery
1548 1106 1690 1155 legitur
1713 1118 1786 1155 pro
1815 1107 1845 1143 ἐν
1872 1109 1929 1142 Τι-

270 1171 457 1210 τανέπασι.
511 1174 646 1208 RIinus
674 1182 779 1209 recte
805 1177 990 1208 Rus-{erus
1019 1173 1065 1207 ad
1092 1174 1195 1208 Suid.
1223 1177 1269 1208 ΙΙ.
1297 1186 1334 1219 p.
1365 1184 1450 1217 590.
1484 1171 1727 1217 Τιτανόπαισι,
1754 1174 1929 1210 seductus

273 1242 441 1278 NIeursii
475 1254 603 1276 eri-me
631 1241 730 1278 Bibl.
760 1244 836 1276 ΑΗ.
864 1252 901 1287 p.
936 1251 1042 1283 1573.
1068 1241 1138 1288 qui
1168 1253 1213 1275 ex
1238 1240 1395 1288 Aspasio
1432 1240 1479 1276 ad
1503 1241 1616 1277 Arist.
1652 1241 1739 1277 Eth.
1774 1242 1927 1278 Nicom.

274 1310 339 1353 lv,
362 1324 393 1345 ε.
423 1309 575 1344 fabula-e
603 1309 761 1344 titulum
790 1308 907 1343 fuisse
935 1308 1097 1343 credidit
1126 1303 1388 1349 Τιτανόπαιδες.
1428 1308 1502 1345 Sed
1528 1309 1592 1345 hic
1620 1309 1735 1345 etiam
1762 1310 1930 1346 scriben-

273 1379 365 1415 dum
392 1380 571 1427 Μυξτῖλος
599 1376 691 1422 (non
719 1379 907 1426 Μυξτῖλςς,
947 1375 1053 1424 quod
1081 1377 1196 1411 etiam
1225 1377 1356 1413 Suidas
1384 1376 1515 1424 habet)
1544 1378 1574 1413 ἐν
1601 1375 1831 1414 Τιτανόπασι.
1883 1382 1927 1415 In

272 1457 432 1484 accentu
468 1454 599 1494 peccat
634 1457 714 1480 non
748 1444 918 1480 Eudocia
953 1453 1104 1480 tantum
1137 1457 1174 1492 p.
1206 1454 1290 1489 504.
1326 1457 1423 1493 quae
1449 1445 1566 1482 habet
1592 1443 1837 1491 Τιτανοπάνες,
1862 1447 1929 1483 sed

272 1517 388 1551 etiam
404 1515 548 1555 Suidas,
578 1514 678 1561 apud
706 1526 821 1561 quein
848 1513 990 1561 legitur
1006 1511 1254 1553 Τιτανοποῗνες.
1296 1517 1503 1550 Grammat.
1533 1513 1633 1561 apud
1649 1515 1926 1559 Bekk.Anecd‚

272 1588 335 1620 111.
352 1597 388 1631 p.
410 1594 516 1628 1198.
544 1581 593 1618 τα)
619 1584 665 1622 εἷς
693 1595 733 1618 αν
760 1579 916 1629 λήγοντα
944 1583 972 1616 εἰ
999 1600 1050 1608 -
1076 1574 1136 1616 ὦσι
1164 1578 1328 1625 σύνθετα,
1356 1579 1626 1631 βαξύνενται-
1652 1579 1717 1617 οἷον
1742 1580 1927 1631 Ἑξμόπαν,

277 1655 433 1690 Αντίπαν
469 1651 572 1696 (fort.
608 1650 794 1698 Αἰγίπαν),
828 1647 1043 1685 Τιτανόπαν.
1097 1650 1310 1697 Stephanus
1337 1653 1430 1695 Byz.
1458 1663 1484 1685 s.
1512 1663 1547 1686 v.
1575 1648 1752 1701 Ἀκαρνάν,
1777 1649 1819 1687 τέ
1843 1649 1927 1689 ἐθνι-

278 1720 346 1763 κέν,
382 1718 425 1760 ὥς
458 1718 580 1763 Αἶνιείν,
614 1717 788 1764 Ἀθαμάν,
825 1716 943 1767 Αἲζιέν,
970 1716 1076 1753 ἁπλᾶ
1102 1715 1186 1766 “1⁶“ss-
1213 1716 1254 1752 ‘ro‘
1281 1713 1483 1752 Τιτανόπαν
1509 1715 1681 1755 σύνθετον..
1733 1722 1793 1755 De
1820 1733 1927 1767 argu·

270 1768 406 1825 ¹mento
440 1800 487 1823 ex
518 1788 646 1833 paucis
683 1787 906 1835 fragmentis
939 1786 1041 1820 nihil
1075 1786 1162 1820 elici
1194 1793 1340 1831 potest,
1373 1784 1448 1819 nisi
1482 1784 1582 1821 forte
1617 1798 1664 1821 ex
1697 1787 1782 1834 ipso
1809 1788 1925 1822 titulo

272 1855 494 1904 suspiceris,
523 1855 649 1890 risisse
676 1863 831 1901 poetam
858 1854 930 1888 hac
959 1852 1085 1888 fabula
1112 1852 1437 1887 increbescemem
1464 1842 1537 1888 illis
1564 1855 1803 1902 temporibus
1837 1868 1927 1890 con·

273 1924 534 1966 suetudinem,
585 1934 659 1971 qua
701 1922 848 1957 diversa
890 1921 1053 1957 deorum
1098 1920 1257 1955 numina
1298 1921 1340 1955 in
1383 1933 1500 1957 unum
1542 1934 1684 1958 nomen
1719 1923 1925 1973 conjunge-

274 2002 372 2034 rent,
400 1992 505 2037 cujus
534 1991 684 2039 generis
715 1982 820 2024 fuere
847 1989 1069 2035 PanaPOHO,
1097 1990 1334 2035 Hermopan,
1368 1990 1641 2033 Ilermathene,
1676 1993 1925 2027 Hermerotes

276 2060 358 2095 alia.
411 2061 471 2095 Sic
509 2060 623 2095 etiam
658 2058 950 2104 Titauopan,
985 2055 1090 2103 quod
1124 2068 1265 2091 nomen
1293 2070 1369 2091 non
1395 2058 1493 2092 male
1521 2058 1690 2094 Berckel.
1719 2059 1766 2094 ad
1794 2060 1922 2106 Steph.

274 2131 368 2172 Byz.
397 2139 431 2172 p.
453 2138 508 2169 74.
538 2128 583 2162 de
612 2126 822 2171 conjuncto
850 2124 960 2160 Panis
989 2124 1160 2171 Solisque
1187 2126 1345 2159 nomine
1372 2125 1613 2173 interpretari
1641 2127 1803 2162 videtur.
1839 2127 1924 2163 Nisi

273 2194 376 2230 forte
405 2202 672 2242 argumentum
701 2193 852 2229 fabulae
880 2190 927 2226 ad
954 2186 1192 2239 παιδεραστείς
1217 2200 1402 2239 spectasse
1431 2192 1542 2228 dicas.
1592 2192 1703 2229 Certe
1730 2194 1923 2230 Titanes

272 2261 349 2299 αἶπὸ
373 2260 435 2298 τοῦ
460 2263 612 2297 τιταίνων
638 2262 735 2297 hanc
761 2261 1021 2306 conjecturam
1050 2259 1195 2307 optime
1222 2269 1443 2296 sustentant.
1485 2262 1651 2306 Hesych.
1681 2264 1724 2296 11.
1751 2272 1787 2307 p.
1816 2272 1921 2304 1592.
