2155 2624
253 137 317 185 ξεῖν
342 132 487 174 ἀπέστη,
520 126 722 179 πςεέγματα
757 121 791 163 δὲ
818 124 1055 175 εἰσηγούμενος
1081 126 1183 163 καινά
1209 124 1376 175 ηὐδοκίμει
1410 124 1648 175 ’γενόμενος
1681 128 1900 178 exige-rancis

251 198 415 250 μύθων.
468 196 584 243 Cujus
624 197 681 232 rei
721 197 940 244 exemplum
990 198 1031 232 in
1070 198 1304 233 Pherecratis
1346 197 1616 244 Crapatalis
1658 210 1748 233 vere
1790 210 1902 248 agno.

250 270 309 306 vit
344 266 473 304 Tiber.
515 265 825 301 Hemsterhusius
861 265 908 300 ad
943 266 1087 302 Polluo.
1129 268 1196 308 IX,
1240 274 1298 309 83.
1366 265 1481 312 Quod
1522 274 1652 301 autem
1692 266 1904 304 lacessendi

251 334 569 373 consuetudinem
605 334 795 370 omississe
822 332 952 368 Crates
985 333 1033 369 ab
1068 334 1274 370 Aristotele
1302 332 1458 373 dicitur,
1484 333 1526 367 id
1550 334 1661 380 plane
1688 335 1903 384 fragmenta

251 404 467 442 fabularum
501 401 750 445 confirmant,
788 402 830 437 in
866 400 1002 450 quibus
1038 402 1136 437 nihil
1171 412 1327 448 prorsus
1361 399 1546 447 reperias,
1586 414 1633 435 ex
1666 415 1741 450 quo
1777 412 1901 441 certos

250 473 436 522 quosdam
461 471 638 506 homines
667 484 755 506 eum
782 471 965 516 carpsisse
992 469 1239 517 intelligatur.
1303 468 1474 503 Omnino
1501 468 1659 514 plenum
1686 470 1900 509 festivitatis

248 549 403 589 poetam
437 539 551 574 fuisse
585 537 790 578 Cratetem,
826 537 968 572 docent
995 548 1169 582 expressa
1196 545 1371 570 veterum
1398 535 1632 582 scriptorum
1659 538 1898 587 testimonia;

252 619 484 658 quamquam
510 604 784 651 Aristophanes
811 603 852 638 in
880 603 1291 650 Thesmophoriazusis
1318 603 1511 650 prioribus
1539 603 1639 650 apud
1667 605 1806 640 Athen.
1834 610 1897 642 ΙΙΙ.

245 689 283 725 p.
323 688 405 718 117.
438 687 474 710 c.
510 672 712 709 inficetum
744 670 824 716 ejus
858 671 906 707 de
933 671 1179 719 elephantino
1206 671 1433 706 salsamento
1461 681 1725 709 commentum
1751 674 1897 711 riserat.

245 743 322 782 Sed
347 743 452 780 idem
478 741 519 776 in
546 739 674 789 Equit.
703 749 788 784 555.
816 751 871 788 sq.
898 739 1002 776 haud
1028 738 1250 790 vulgaribus
1278 752 1366 775 eum
1400 740 1552 775 ornavit
1584 740 1771 786 laudibus,
1805 742 1900 779 licet

244 812 392 849 ironiae
419 809 587 859 quodam
615 808 745 844 colore
778 808 984 856 adspersis:

451 874 489 919 ὃς
514 875 587 913 dno*
612 874 759 926 σμικρᾶς
785 872 938 918 δαπάνης
966 874 1060 924 ὑμᾶς
1084 873 1264 927 ἀριστίζων
1290 874 1511 922 ἀπέπεμπεν,

450 943 527 981 α’πό
551 942 807 994 κραμβοτάτου
845 944 1023 992 στόματος
1048 942 1186 992 μοίττων
1213 941 1447 984 α’στειστοίτας
1481 945 1638 985 ἐπινοίας.

242 1014 489 1053 Scholiastes:
515 1011 682 1063 τραγικδς
705 1011 845 1056 ποιητής
870 1011 1082 1063 ὀλιγόστιχα
1109 1009 1290 1059 ποιήματα
1315 1009 1480 1063 Ύξαφας,
1513 1013 1583 1049 ubi
1611 1010 1758 1061 κωμικδς
1782 1025 1895 1063 repo·

242 1082 426 1124 nendum,
452 1082 529 1116 nisi
555 1083 587 1116 is
614 1082 846 1131 Scholiastae
872 1094 980 1118 error
1005 1090 1073 1124 est,
1100 1089 1276 1116 nostrum
1304 1080 1499 1116 Cratetem
1534 1094 1623 1117 cum
1656 1082 1894 1130 philosopho

243 1149 458 1197 eodemque
490 1148 776 1197 tragoediarum
806 1158 922 1195 poeta
955 1148 1238 1184 confundentis.
1290 1147 1397 1183 Alius
1432 1148 1595 1183 ibidem:
1632 1147 1763 1197 σμικςσὶ
1789 1151 1885 1186 ἐποίε

242 1219 305 1254 κα)
326 1218 445 1266 ἔτερπε
470 1215 548 1256 τούς
573 1214 753 1265 α’κςοατσίς
777 1212 928 1266 Ὑςοίφων
954 1212 1046 1257 ἡδέα.
1087 1215 1235 1265 Quibus
1262 1215 1459 1261 Anonymi
1485 1215 1674 1261 judicium
1701 1217 1894 1260 convenit,

241 1288 376 1334 γελοῖον
396 1286 457 1320 κα)
480 1283 598 1333 ἴλαξόν
615 1293 771 1332 poetam
794 1297 883 1320 eum
905 1284 1021 1320 fuisse
1043 1284 1216 1320 dicentis.
1265 1283 1359 1319 Inde
1379 1284 1495 1319 etiam
1515 1293 1581 1327 est,
1609 1284 1726 1332 quod,
1755 1285 1893 1321 eodem

240 1362 337 1390 teste
371 1357 596 1399 Anonymo‚
631 1352 778 1400 primus
812 1353 1020 1389 atticorum
1046 1352 1287 1388 comicorum
1317 1350 1445 1386 ebrios
1471 1351 1512 1386 in
1541 1364 1692 1387 scenam
1724 1352 1890 1396 induxit,

239 1419 374 1472 ’πρῶτος
392 1417 567 1461 μεθύσους
584 1421 615 1456 ἐν
635 1414 795 1467 κωμῳδία
813 1418 1000 1469 προήγαγε
1022 1420 1101 1455 sive
1120 1420 1249 1467 potius
1271 1416 1475 1468 παρήγαγε,
1496 1419 1600 1467 quod
1622 1432 1698 1468 quo
1720 1429 1889 1464 auctore,

241 1501 390 1538 quaque
410 1488 452 1523 in
474 1487 601 1523 fabula
624 1487 767 1531 fecerit,
795 1500 843 1524 ex
868 1488 1063 1524 Athenaeo
1089 1487 1177 1523 Lib.
1195 1489 1243 1522 X.
1270 1498 1307 1534 p.
1323 1496 1411 1531 429.
1439 1498 1471 1522 a.
1499 1487 1701 1523 discimus:
1728 1486 1890 1536 ἀγνοοῦσι

240 1569 280 1594 τε
315 1556 344 1593 οἱ
377 1557 539 1603 λέγοντες
570 1553 702 1604 πρῶτον
736 1554 956 1605 Ἐπίχαρμον
987 1556 1046 1591 ἐπὶ
1078 1553 1136 1595 τήν
1170 1552 1290 1595 σκηνήν
1322 1558 1551 1603 παραγαγεῖν
1583 1552 1774 1601 μεθύοντα,
1806 1554 1889 1602 μεθ’

240 1623 275 1661 ὃν
301 1621 465 1674 Κράτητα
490 1625 647 1667 Γείτοσιν,
675 1624 780 1672 quod
805 1623 882 1670 iam
909 1632 996 1660 ante
1022 1623 1297 1671 Epicharmum
1324 1622 1457 1659 fecisse
1483 1623 1718 1669 Aeschylum
1742 1624 1781 1660 in
1818 1622 1887 1659 Ca-

239 1693 347 1735 biris‚
376 1692 422 1728 de
450 1703 527 1740 quo
555 1690 603 1725 cf.
632 1691 851 1727 Lobeckius
876 1694 1036 1738 Myster.
1060 1703 1182 1740 graec.
1211 1694 1239 1726 Ι.
1266 1702 1304 1738 Ρ.
1322 1699 1357 1733 8.
1385 1695 1516 1739 Itaque
1542 1691 1614 1726 hac
1636 1692 1750 1727 etiam
1777 1692 1818 1726 in
1844 1703 1886 1727 re

239 1758 433 1795 Cratetem
464 1758 686 1806 Epicharmi
717 1759 876 1808 vestigia
909 1767 1115 1807 sequutum
1146 1758 1332 1795 videmus.
1384 1760 1437 1794 Ut
1463 1767 1611 1794 ceteros
1646 1758 1723 1794 fere
1753 1767 1885 1806 poetas

240 1827 420 1869 comicos,
447 1825 501 1861 ita
528 1827 646 1863 etiam
669 1825 864 1863 Cratetem
889 1828 1084 1876 popularis
1109 1839 1225 1862 aurae
1251 1826 1548 1862 inconstantiam
1575 1834 1772 1873 expertum
1804 1838 1885 1862 esse

239 1895 397 1931 tradidit
423 1893 699 1941 Aristophanes
724 1896 852 1943 Equit.
883 1905 966 1940 534.
1020 1895 1098 1931 Ubi
1124 1895 1231 1944 quod
1257 1894 1485 1931 Scholiastes
1519 1901 1653 1935 narrat,
1688 1892 1883 1932 Cratctem

236 1962 443 2012 largitione
476 1958 734 2009 spectatorum
769 1963 1011 2000 voluntatem
1045 1971 1083 1999 et
1117 1964 1342 2012 applausum
1377 1962 1450 1998 sibi
1482 1960 1699 2004 redemisse,
1727 1960 1883 1999 fortasse

236 2041 389 2066 merum
423 2029 663 2078 grammatici
697 2039 964 2066 commentum
997 2040 1064 2066 est.
1118 2034 1178 2067 De
1213 2031 1439 2071 fabularum,
1477 2041 1569 2077 quas
1597 2029 1786 2073 docuerit,
1813 2044 1881 2067 nu-

236 2109 346 2134 mero
379 2108 458 2132 non
492 2096 737 2133 consentiunt
773 2092 1169 2144 veteresscriptores.
1223 2101 1277 2134 Ac
1304 2096 1435 2133 Suidas
1463 2096 1587 2140 alteri,
1615 2109 1727 2146 quem
1756 2096 1878 2146 fingit,

237 2165 380 2202 Crateti
404 2173 480 2201 tres
506 2164 644 2201 tribuit
671 2163 834 2201 fabulas:
869 2162 1070 2213 Θησαυρόν,
1098 2162 1284 2212 ”Οξνιθας,
1310 2160 1552 2215 Φιλοίξγυςον,
1579 2165 1689 2202 alteri
1715 2174 1877 2212 septem:

235 2236 400 2280 Γείτονας,
427 2233 577 2284 Ἥξωας,
610 2234 735 2281 (angra,
768 2229 920 2279 Λοίμιαν,
956 2227 1126 2276 Πεδήτας,
1162 2232 1325 2278 Σαμίους.
1377 2232 1456 2269 Ubi
1489 2242 1555 2269 aut
1587 2241 1786 2281 corruptus
1820 2240 1878 2268 est

1262 2302 1300 2337 D
1323 2313 1343 2337 α
