2155 2624
1044 72 1111 121 12

246 168 356 217 cuius
389 167 533 217 duplex
567 163 720 203 extabat
750 162 949 209 recensio,
989 175 1154 214 quarum
1192 166 1360 214 primam
1393 166 1512 205 habes
1539 167 1641 217 apud
1665 168 1804 205 Athen.
1831 170 1898 204 1x.

245 250 286 289 p.
315 241 400 284 367.
427 236 454 274 f.
482 236 637 273 alteram
662 232 757 270 ibid.
784 235 883 270 XIV.
911 245 949 282 p.
974 236 1059 278 646.
1087 246 1120 270 e.
1147 232 1217 270 ubi
1244 233 1312 282 qui
1338 245 1468 271 versus
1495 234 1717 280 afferuntur,
1744 234 1900 272 eosdem

246 306 386 343 Pollux
411 307 474 348 VI,
502 315 560 347 79.
588 302 730 338 Crateti
756 300 905 336 tribuit.
956 304 1077 337 Recte
1103 303 1413 351 Jungermannus
1439 300 1632 351 Μάγνητος
1656 304 1807 341 restitui
1833 315 1900 340 vo.

248 375 335 414 luit.
386 371 558 411 Πιτακί
563 382 580 411 ς
606 369 708 418 apud
733 368 891 407 Suidam
917 382 945 406 s.
972 382 1009 406 v.
1035 362 1137 412 νῧνδη.
1188 366 1341 419 Μάγνης
1366 364 1402 407 δὲ
1428 370 1460 408 ἐν
1485 365 1658 408 namursi.

460 441 465 446 '
501 438 591 474 Εἰπέ
616 450 684 485 μοι,
718 435 772 474 νῦν
798 431 838 480 δή
862 436 924 485 μὲν
949 434 1056 485 ὤμνυς
1080 435 1131 485 μῆ
1155 438 1349 492 ’γεγονέναῃ
1373 436 1426 475 νῦν
1453 434 1488 475 δὲ
1514 435 1594 485 φής.

248 509 321 547 Sed
346 510 537 545 incertam
563 506 654 542 facit
678 505 889 541 lectionem
915 506 1075 542 Photius
1108 519 1136 542 s.
1168 520 1204 542 v.
1239 505 1291 543 νῦν
1317 500 1366 551 δῆ,
1394 507 1461 543 ubi
1486 508 1520 544 ἐν
1544 501 1727 556 sivum-[831
1748 507 1901 555 legitur.

247 572 528 625 maneam)
555 572 732 609 laudatur
765 572 894 608 Schol.
918 572 1012 608 Plat.
1034 572 1193 610 Ruhnk.
1217 584 1254 622 p.
1274 584 1333 620 53.
1372 574 1552 623 Denique
1576 576 1902 621 Γαλεωμυομαχίαν

249 643 437 694 Magneti,
457 642 616 678 fortasse
636 652 684 677 ex
704 640 914 689 integriore
928 639 1070 676 Suidae
1091 642 1312 690 exemplari,
1328 642 1467 679 tribuit
1480 641 1652 679 Eudocia
1667 653 1704 689 p.
1722 653 1807 686 302.
1824 653 1901 689 quo

250 712 408 750 nomine
431 710 550 747 etiam
565 708 819 746 Theodorum
834 707 1096 745 Prodromum
1118 708 1289 747 fabulam
1315 710 1506 759 scripsisse
1522 718 1678 747 constat.
1705 711 1903 745 Praeterea

253 782 395 818 omisso
423 779 578 816 fabulae
604 777 753 815 indicio
782 786 1112 814 commemoratur
1138 781 1300 829 Magnes
1327 780 1375 816 ab
1402 792 1482 816 uno
1509 780 1664 816 Polluce
1690 782 1736 822 II,
1768 789 1850 814 101.

351 848 537 886 Proximo
563 855 652 895 post
677 848 902 896 Magnetem
927 846 1014 882 loco
1041 847 1222 895 ponimus
1248 851 1547 892 EcPHAm’mEM,
1581 859 1694 896 quem
1720 846 1821 882 inter
1844 845 1903 880 in-

254 926 380 954 certae
414 916 545 951 aetatis
578 923 710 962 poetas
741 914 877 949 retulit
905 915 1060 951 Vossius
1095 916 1142 951 de
1174 917 1301 951 Poetis
1333 928 1388 965 gr.
1424 928 1461 963 p.
1498 924 1559 960 89.
1598 915 1747 950 mediae
1779 913 1904 961 poetis

254 982 477 1021 comoediae
516 989 691 1018 accenset
727 980 949 1017 Eichstaedt
987 981 1036 1018 de
1074 985 1257 1019 Dramate
1291 987 1397 1021 Com.
1431 992 1499 1019 sat.
1532 994 1570 1030 p.
1606 990 1665 1027 38.
1717 984 1769 1018 At
1800 988 1905 1016 recte

252 1051 422 1089 Naekius
450 1050 587 1086 Choer.
615 1061 700 1097 pag.
730 1060 791 1091 52.
846 1049 1004 1085 Cratino
1039 1059 1079 1085 et
1104 1051 1298 1086 Teleclide
1331 1052 1461 1099 paullo
1497 1049 1755 1098 antiquiorem
1789 1048 1904 1082 fuisse

250 1127 372 1168 putat,
400 1118 507 1167 quod
534 1116 764 1154 confirmare
790 1125 942 1164 poterat
966 1118 1114 1164 Aspasii
1140 1118 1267 1154 verbis
1295 1119 1343 1154 ad
1358 1119 1514 1155 Aristot.
1541 1118 1628 1154 Eth.
1660 1118 1814 1153 Nicom.
1841 1118 1904 1157 IV,

255 1200 288 1224 2.
328 1185 393 1222 ’τῶν
427 1185 579 1235 ἀρχαίων
613 1181 859 1221 παλαιότατον
891 1182 1029 1224 ποιητήν
1057 1197 1146 1219 eum
1175 1184 1410 1231 appellantis.
1465 1188 1570 1233 Quae
1596 1183 1713 1219 verba
1739 1196 1789 1219 ne
1816 1195 1905 1218 cum

254 1253 452 1291 Muellero
485 1256 581 1289 Dor.
613 1255 660 1288 11.
688 1263 725 1299 p.
756 1262 845 1295 550.
871 1251 925 1286 ita
953 1250 1225 1300 intelligamus,
1252 1261 1296 1287 ut
1321 1251 1602 1299 Ecphantidem
1629 1251 1689 1287 vel
1717 1249 1904 1287 Chionide

255 1330 294 1358 et
326 1322 512 1369 Magnete
545 1319 806 1366 antiquiorem
841 1317 957 1354 fuisse
992 1326 1219 1363 statuamus,
1259 1320 1380 1355 multa
1414 1327 1503 1354 sunt
1535 1330 1631 1367 quae
1662 1317 1904 1365 prohibeant.

256 1389 331 1439 Qui
346 1397 433 1425 ante
446 1390 675 1436 Magnetem
692 1395 730 1423 et
744 1386 975 1423 Chionidem
992 1386 1138 1423 fabulas
1166 1387 1334 1424 docuere
1358 1397 1497 1435 poetae
1523 1387 1675 1429 comici,
1703 1399 1768 1423 eos
1791 1386 1905 1423 fuisse

255 1453 444 1495 ἐθελονταὶ·
474 1455 514 1492 h.
548 1467 581 1491 e.
621 1454 697 1490 suis
731 1454 834 1502 ipsos
867 1453 1059 1490 sumtibus
1088 1455 1227 1491 choros
1252 1455 1473 1492 instruxisse
1500 1463 1538 1491 et
1564 1454 1775 1498 adornasse,
1802 1454 1906 1490 haud

258 1524 420 1561 obscure
446 1521 638 1573 significat
663 1523 821 1559 Aristot.
849 1525 929 1559 Art.
955 1524 1062 1559 Poet.
1090 1526 1135 1567 V,
1164 1535 1198 1568 5.
1237 1522 1356 1572 Atqui
1381 1522 1660 1570 Ecphantidem
1686 1534 1765 1558 non
1793 1521 1907 1558 fuisse

256 1588 457 1635 ἐθελοντήν,
496 1602 673 1639 expresso
708 1589 878 1636 ejusdem
911 1591 1127 1627 Aristotelis
1159 1591 1383 1627 testimonio
1418 1597 1568 1627 constat
1592 1590 1705 1626 Polit.
1744 1592 1842 1634 VIII,
1871 1593 1904 1626 6.

255 1659 324 1697 ubi
357 1660 461 1708 picta
494 1658 625 1696 tabula
660 1667 1006 1703 commemoratur,
1046 1671 1162 1709 quam
1195 1658 1435 1707 Thrasippus
1475 1657 1667 1695 dedicavit
1701 1654 1907 1709 Ἐκφαντίδῃ

256 1724 525 1777 χορηγήσας.
583 1730 669 1764 Nec
707 1727 835 1763 minus
877 1736 1026 1763 certum
1066 1727 1198 1763 aetatis
1236 1726 1427 1762 indicium
1464 1726 1541 1762 hoc
1580 1735 1648 1769 est,
1688 1726 1793 1774 quod
1829 1732 1906 1764 An-

258 1795 432 1833 droclem
458 1793 663 1843 quendam,
691 1806 808 1842 quem
823 1793 998 1830 Cratinus
1025 1804 1065 1830 et
1088 1794 1303 1830 Teleclides
1329 1794 1370 1829 in
1397 1792 1534 1829 fabulis
1560 1793 1637 1829 suis
1663 1804 1906 1839 vexaverunt,

261 1862 375 1899 etiam
403 1861 452 1899 ab
478 1861 720 1910 Ecphantide
747 1861 849 1898 male
874 1861 1051 1898 habitum
1079 1860 1195 1897 fuisse
1221 1873 1269 1898 ex
1294 1861 1420 1898 Schol.
1447 1861 1638 1910 Aristoph.
1666 1863 1775 1911 Vesp.
1797 1872 1905 1907 1182.

261 1930 509 1979 intelligitur,
546 1930 652 1967 unde
679 1938 853 1978 apertum
881 1938 947 1974 est,
973 1930 1272 1978 Ecphantidem,
1310 1942 1541 1979 quamquam
1576 1931 1731 1968 Cratino
1765 1942 1802 1969 et
1833 1937 1905 1971 Te-

262 1997 401 2035 leclide
427 1999 554 2046 paullo
580 1997 785 2046 majorem,
811 1998 954 2036 horum
980 2007 1109 2036 tamen
1128 2007 1290 2036 aetatem
1307 1999 1485 2050 attigisse.
1510 2003 1643 2050 Itaque
1658 2000 1905 2050 antiquorum

299 2139 337 2178 ⁸¹)
355 2138 473 2170 Eodem
493 2138 583 2170 titulo
603 2140 733 2172 fabulam
754 2142 860 2173 docuit
870 2142 1067 2184 Phrynichus,
1089 2153 1178 2183 quam
1194 2141 1392 2185 Aristophani
1411 2143 1489 2174 male
1511 2143 1618 2174 tribuit
1635 2142 1805 2174 Schol.Av.
1820 2144 1905 2175 1297.

366 2187 436 2217 loco
458 2185 542 2218 miris,
559 2187 655 2216 modis
677 2195 832 2230 corrupto.
868 2191 1039 2228 Περιιλγής,
1060 2200 1148 2229 quam
1170 2190 1266 2220 eidem
1287 2190 1484 2232 Aristophani
1506 2189 1620 2226 tribuit,
1640 2190 1776 2220 Platonis
1797 2196 1844 2220 est
1863 2189 1906 2220 fa-

363 2232 446 2269 bula,
467 2243 502 2263 ex
522 2243 581 2273 qua
601 2244 690 2274 quem
712 2235 812 2266 locum
833 2235 945 2272 attulit,
967 2246 1037 2265 eum
1058 2236 1181 2276 respicit
1202 2236 1304 2267 Schol.
1324 2237 1450 2268 Luciani
1470 2237 1509 2266 T.
1530 2238 1566 2267 11.
1588 2236 1691 2278 p.696.
1714 2246 1775 2276 quo
1796 2236 1907 2268 certius

364 2281 403 2311 de
430 2280 615 2322 corruptela,
643 2291 735 2322 quam
755 2282 942 2314 Scholiastae
968 2282 1060 2316 verba
1086 2282 1253 2321 subierunt,
1281 2290 1421 2316 constare
1447 2283 1548 2316 debet.
