2155 2624
1034 75 1071 129 6

1158 193 1208 202 ——
1240 176 1447 224 Μεγαρικῆς

639 239 818 289 κωμῳδίας
844 236 931 290 οἷο-μ’
959 242 997 279 οὐ
1024 238 1127 290 δίειμί.
1161 241 1355 294 ᾐσχυνόμην

640 308 683 346 τέ
710 305 830 361 δξὲῑμσι
856 309 1057 361 Μεγαξικέν
1090 314 1204 347 ποιεῖν·
1230 329 1283 337 -

228 383 410 430 Denique
450 379 496 415 ad
537 379 697 416 eandem
739 382 847 416 illam
888 381 1107 430 Megaricae
1145 381 1369 417 comoediae
1402 381 1655 428 petulantiam
1689 382 1806 418 etiam
1830 380 1880 418 τοὶ

228 445 434 486 Montanium*
459 444 665 493 σκώμματα
698 448 894 495 pertinere
928 448 1127 491 existimo,
1168 460 1264 497 quae
1299 461 1319 484 a
1347 451 1553 491 Maesone,
1593 450 1792 497 Riegarico
1820 450 1879 484 hi-

229 519 392 558 strione,
430 515 497 562 qui
524 515 712 551 ludicram
741 517 882 552 dicacis
919 517 1034 564 coqui
1060 530 1262 564 personam
1290 518 1507 559 invenerat,
1541 528 1684 551 nomen
1720 518 1877 553 traxisse

228 596 343 621 suum
369 582 640 630 Aristophanes
676 582 791 620 docet
818 584 1024 631 Byzantius
1061 584 1162 632 apud
1195 584 1335 621 Athen.
1364 586 1461 620 XIV.
1488 596 1525 632 p.
1555 587 1640 628 659.
1669 594 1699 618 a.
1715 581 1748 629 ³⁸)

331 650 501 687 Eandem
534 650 688 686 ridendi
723 652 1043 699 conviciandique
1084 654 1356 688 scurrilitatem
1396 652 1605 688 Susarionis
1634 664 1788 699 quoque
1814 663 1878 686 co·

229 719 425 757 moediam
451 717 627 754 retulisse
655 718 839 755 credibile
866 728 923 755 est
936 718 1010 767 **);
1038 731 1270 768 quamquam
1297 719 1410 766 hujus
1436 720 1539 756 lusus
1566 718 1706 755 scenici
1732 719 1779 754 ab
1792 721 1877 754 Me-

228 787 445 837 garensium
471 786 622 822 ratione
650 798 696 821 eo
725 785 968 831 differebant,
1003 788 1108 835 quod
1135 787 1307 823 versibus
1334 788 1513 823 adstricta
1540 797 1658 829 erant,
1698 799 1793 834 quae
1819 787 1877 822 illi

226 857 333 894 nudo
363 868 539 892 sermone
566 851 827 898 effundebant,
858 855 1029 892 dicteria.
1083 855 1209 893 Schol.
1238 855 1419 902 Dionysii
1455 855 1593 891 Thrac.
1628 867 1665 903 p.
1696 863 1781 900 748.
1816 852 1876 896 τῆς

228 926 398 972 ἐμμέτξτυ
425 918 604 967 κωμῳδίας
631 922 793 970 εἰξχηγὲς
819 924 963 970 ἐγένετο,
993 936 1040 958 ex
1058 937 1135 971 quo
1158 936 1399 971 nequaquam
1415 924 1674 969 consequitur,
1701 932 1745 957 ut
1761 923 1876 958 etiam

225 993 346 1028 literis
385 990 610 1037 perscriptas
652 989 768 1026 fuisse
809 990 890 1035 ejus
933 991 1151 1026 comoedias
1194 991 1404 1033 credamus,
1443 989 1550 1039 quod
1582 997 1687 1025 recte
1719 1001 1875 1038 negasse

223 1069 319 1108 puto
356 1057 475 1093 Bentl.
512 1058 660 1092 Phalar.
696 1069 732 1104 p.
771 1067 855 1100 258.
891 1058 968 1106 sqq.
1030 1059 1328 1093 Praemeditatos
1363 1058 1481 1107 igitur
1513 1057 1628 1092 fuisse
1662 1057 1875 1091 Susarionis

224 1130 347 1171 lusus,
388 1138 514 1173 neque
542 1138 633 1161 vero
662 1139 708 1161 ex
736 1135 912 1173 tempore
939 1126 1059 1168 fusos,
1098 1138 1177 1161 non
1205 1126 1445 1162 dubitamus:
1486 1126 1549 1161 cui
1581 1137 1661 1161 non
1686 1132 1874 1173 repugnat

224 1194 464 1235 Aristoteles,
492 1193 558 1240 qui
586 1206 706 1241 quum
734 1194 780 1227 ab
809 1194 921 1228 initio
950 1193 1193 1228 comoediam
1216 1187 1547 1239 αὐτοσχεδιαστικνῖν
1570 1191 1684 1227 fuisse
1702 1189 1874 1233 affirmat,
1902 1203 1908 1214 ‘¹

225 1262 543 1299 vetustissimam'
565 1260 643 1305 ejus
685 1261 870 1303 formam,
912 1262 1033 1308 qualis
1068 1261 1144 1306 jam
1178 1270 1264 1297 ante
1305 1261 1548 1297 Susarionem
1588 1260 1689 1308 apud
1726 1260 1874 1295 Atticos

225 1331 391 1379 aliasque
418 1328 597 1365 Graeciae
624 1338 755 1378 gentes
785 1328 871 1371 fuit,
908 1328 1117 1376 respexisse
1146 1328 1309 1365 videtur.
1361 1327 1661 1365 Praemeditatae
1687 1335 1815 1363 autem
1842 1326 1873 1361 si

224 1401 329 1434 fuere
364 1397 577 1433 Susarionis
613 1398 838 1433 comoediae
873 1406 911 1432 et
945 1397 1116 1433 versibus
1144 1407 1341 1446 utcunque
1368 1398 1548 1440 inclusae,
1576 1396 1729 1433 easdem
1756 1397 1872 1432 etiam

260 1588 292 1626 ¹¹)
315 1588 386 1618 Nou
410 1586 657 1617 dissimulandum
681 1593 795 1623 tamen,
819 1586 1019 1617 Polemonem
1035 1599 1082 1629 ap.
1098 1587 1212 1619 Athen.
1234 1600 1263 1630 p.
1284 1587 1351 1620 659.
1376 1598 1402 1618 c.
1425 1593 1532 1618 contra
1552 1586 1670 1617 Timaei
1691 1585 1870 1616 senteutiam

323 1635 499 1664 Maesonem
523 1633 606 1663 illum
629 1633 784 1663 Siculis
806 1633 1034 1675 Megarensibus
1055 1636 1232 1673 vindicasse,
1255 1646 1330 1675 quos
1353 1641 1480 1676 propter
1499 1634 1717 1675 Epicharmum
1738 1639 1769 1663 et
1788 1633 1870 1673 ipsos

323 1682 379 1713 sibi
400 1682 542 1711 inventae
564 1680 741 1711 comoediae
763 1680 912 1711 honorem
935 1692 1102 1724 arrogasse,
1121 1693 1155 1713 ex
1170 1682 1342 1716 Aristotelis
1367 1683 1386 1713 l.
1401 1682 1419 1712 l.
1441 1681 1631 1724 intelligitur.
1653 1680 1774 1719 Quodsi
1787 1685 1871 1711 recte

322 1729 452 1759 Polemo
473 1729 510 1758 de
526 1728 678 1758 Maesonis
701 1729 798 1768 patria
820 1729 936 1766 statuit,
959 1729 1136 1759 histrionem
1157 1731 1242 1760 illum
1263 1731 1322 1769 jam
1345 1736 1416 1760 ante
1432 1729 1553 1770 Olymp.
1567 1729 1703 1766 LXXIV,
1717 1728 1745 1759 2.
1765 1728 1869 1758 vixisse

322 1786 448 1807 necesse
471 1780 526 1804 est.
566 1774 613 1805 Eo
636 1775 715 1805 enim
738 1785 817 1804 anno
838 1775 1033 1816 Megarenses
1055 1786 1072 1805 a
1092 1776 1214 1807 Gelone
1235 1777 1375 1818 expulsos
1397 1782 1428 1806 et
1448 1777 1608 1817 Syracusas
1628 1775 1784 1805 traductos
1806 1784 1870 1803 esse

322 1828 446 1854 constat
474 1832 491 1851 e
519 1821 658 1862 Thucyd.
685 1821 738 1855 Vl,
765 1820 793 1851 4.
823 1821 871 1851 cll.
892 1822 1008 1853 Herod.
1029 1823 1095 1860 vn,
1125 1822 1192 1854 156.
1234 1821 1381 1854 Ceterum
1410 1823 1493 1863 quod
1513 1822 1642 1853 Timaeo
1663 1821 1807 1852 accidisse
1826 1820 1869 1851 vi—

323 1870 426 1906 detur,
448 1874 484 1898 ut
505 1868 608 1898 Sicula
630 1874 661 1898 et
681 1867 789 1897 Nisaea
810 1868 932 1909 Megara
953 1869 1033 1899 inter
1052 1881 1083 1900 se
1107 1870 1326 1908 confunderet,
1360 1871 1439 1901 idem
1468 1869 1557 1899 etiam
1584 1869 1726 1900 accidisse
1753 1868 1870 1898 videtur

326 1915 432 1947 Ovidio
454 1916 580 1946 Ilei-oid.
596 1915 664 1953 XV,
685 1913 733 1946 54.
756 1915 792 1945 de
814 1914 923 1946 Siculis
945 1917 1063 1959 agenti:
1083 1916 1266 1948 Nisiades
1287 1923 1431 1948 matres
1451 1916 1716 1957 Nisiadesque
1737 1926 1867 1946 nurus.

325 1963 421 2003 Magis
452 1964 542 1994 etiam
574 1963 684 1993 mirum
711 1962 805 1992 videri
832 1969 951 2003 potest,
999 1964 1082 2003 quod
1111 1962 1218 1996 Crates
1247 1965 1326 2005 apud
1354 1964 1487 2005 Diogen.
1513 1965 1671 1996 Laert.11.
1693 1976 1721 2004 p.
1744 1962 1810 1993 166.
1832 1963 1868 1992 dc·

326 2009 466 2050 Stilponc
492 2010 678 2052 philosopho
707 2009 824 2051 posuit:
857 2012 879 2039 ἔν
898 2008 1055 2050 Μιγοίζοις,
1082 2008 1129 2040 ἴθι
1151 2014 1222 2044 Φασὶ
1242 2012 1373 2048 Τυφωέος
1392 2010 1508 2047 ’ἔμμεναι
1528 2009 1613 2043 ιιῖνιίς.
1660 2011 1726 2041 Nisi
1752 2010 1776 2041 {S
1804 2011 1866 2041 Me-

324 2057 496 2098 garicorum
517 2058 769 2098 philosophorum
790 2057 954 2087 vanitatem
977 2064 1008 2088 et
1026 2060 1113 2095 τῦφον
1129 2060 1297 2101 significare
1319 2059 1422 2089 voluit.

258 2103 312 2140 Ιῗθ)
333 2103 510 2144 Anonymus
532 2105 568 2133 de
590 2103 676 2134 Com.
700 2117 728 2146 p.
751 2105 873 2134 XXXII.
895 2105 932 2134 de
955 2104 1132 2136 Susarione:
1156 2107 1237 2143 μοίος
1257 2107 1282 2137 ἐμ
1302 2107 1390 2139 γέλως
1411 2106 1442 2133 τὲ
1465 2105 1752 2144 zaraa-mugilum».
1790 2106 1866 2135 Dio-

324 2151 427 2181 medes
456 2149 592 2181 Gramm.
620 2151 668 2181 111.
697 2164 725 2192 p.
746 2150 815 2182 486.
856 2150 982 2182 putsch.
1012 2159 1155 2192 poetae
1183 2152 1300 2194 primi
1327 2152 1469 2182 comici
1499 2152 1663 2182 suerunt
1691 2152 1864 2186 Susario,

322 2197 470 2238 Myllus
492 2204 530 2229 et
551 2198 727 2240 Magnes3
754 2198 793 2229 hi
813 2198 962 2229 veteris
985 2198 1228 2241 disciplinae
1248 2199 1494 2238 joculatoria
1521 2200 1714 2240 quaedam
1741 2198 1865 2228 minus

321 2244 427 2274 scite
447 2251 484 2274 et
505 2250 674 2276 venuste
702 2245 1034 2285 pronunciabant.
