2155 2624
1028 30 1106 98 47

244 132 511 178 Munychione
547 138 586 165 et
617 128 886 177 Thargelione.
940 126 1054 172 Cujus
1086 127 1293 175 impietatis
1326 139 1524 163 rumorem
1556 125 1632 172 jam
1659 137 1745 164 ante
1769 129 1888 177 ipsam

243 212 400 239 reorum
427 198 671 240 delationem,
700 208 796 246 quae
822 195 1014 244 sequentis
1042 195 1198 231 demum
1225 197 1364 231 mensis
1391 196 1506 231 initio
1538 197 1773 232 Hermamm
1808 199 1888 232 mu·

243 267 460 303 tilationem
489 275 645 313 sequuta
673 274 742 308 est,
767 264 947 311 Thucyd.
970 267 1036 307 VI,
1062 276 1120 307 27.
1147 264 1267 299 Diod.
1292 266 1365 300 Sic.
1391 267 1491 308 XIII,
1520 277 1566 307 2.,
1599 265 1714 312 plane
1741 264 1892 301 nullum

243 336 344 372 inter
381 333 480 369 cives
514 334 796 382 percrebuisse,
849 347 965 371 nemo
998 345 1077 370 non
1111 332 1297 369 concedat
1332 343 1484 369 necesse
1517 340 1593 376 est,
1645 332 1713 383 qui
1740 340 1891 369 attento

243 403 373 439 animo
400 402 532 452 legerit
548 404 722 450 Thucyd.
750 404 775 438 l.
801 404 826 438 l.
854 403 1044 439 Andocid.
1073 405 1176 438 Orat.
1204 402 1252 437 de
1274 404 1393 447 Myst.
1421 413 1457 447 p.
1474 409 1534 443 38.
1562 401 1679 438 Bekk.
1695 402 1889 439 Plutarch.

242 471 367 507 Alcib.
399 484 454 515 19.
483 474 546 508 cll.
572 472 739 509 Aristide
767 475 885 508 Oratt.
914 475 958 508 T.
985 475 1031 507 11.
1058 482 1094 518 p.
1123 480 1183 515 54,
1216 480 1272 514 15.
1326 474 1462 518 Neque
1489 467 1654 505 dubium
1678 478 1744 513 est,
1770 470 1802 506 si
1828 471 1888 507 vel

241 539 475 576 levissimam
508 538 587 585 ejus
620 540 677 576 rei
712 539 974 587 suspicionem
1006 539 1173 586 populus
1200 538 1441 573 Atheniensis
1468 537 1673 579 habuisset,
1702 538 1795 586 quin
1821 539 1888 574 ob·

243 617 466 644 trectatores
488 609 698 644 Alcibiadis
724 609 888 643 violatae
914 608 1112 655 religionis
1138 608 1247 643 litem
1274 608 1312 643 in
1340 607 1486 643 recenti
1511 605 1611 643 facto
1639 606 1677 643 ei
1700 607 1888 644 interituri

240 688 311 713 nec
347 676 559 725 quidquam
591 675 826 710 intentatum
855 662 1032 710 relicturi
1065 674 1235 717 fuissent,
1263 687 1340 723 quo
1367 674 1492 709 minus
1518 683 1673 722 praetor
1698 675 1890 711 exercitus

240 745 282 780 in
309 745 479 780 Siciliam
505 744 688 778 mittendi
716 752 918 786 crearetur,
955 743 1060 791 quod
1085 743 1162 789 jam
1189 744 1459 790 Munychione
1485 756 1613 779 mense
1641 742 1781 780 factum
1808 756 1890 780 esse

201 843 209 854 ,
241 825 263 849 e
288 811 521 859 Thucydide
548 820 697 848 constat
721 811 808 848 Lib.
842 813 904 854 VI,
940 820 975 855 8.
1010 810 1058 848 cf.
1086 812 1282 848 Dodwelli
1309 812 1444 848 Annal.
1471 824 1508 859 p.
1538 815 1625 856 639.
1651 812 1751 859 Lips
1780 820 1888 859 pote-

239 889 399 929 rantque
425 879 599 927 profecto
614 880 820 916 Alcibiadis
846 881 997 916 inimici
1024 890 1132 916 tanto
1159 876 1297 917 certius
1326 894 1441 928 quem
1468 881 1612 916 vellent
1637 880 1889 916 accusationis

241 957 374 985 contra
408 947 647 984 Alcibiadem
679 957 807 984 motae
841 957 1020 985 eventum
1055 958 1286 995 exspectare,
1324 960 1405 997 quo
1428 947 1615 994 majorem
1642 961 1722 985 esse
1748 949 1889 984 scirent

239 1015 517 1065 religiosissimi
550 1016 687 1063 populi
725 1017 1034 1063 superstitionem
1073 1026 1113 1052 et
1149 1017 1190 1052 in
1230 1017 1460 1052 ulciscendis
1501 1016 1721 1052 divinarum
1758 1029 1889 1052 rerum

239 1083 492 1120 violatoribus
526 1083 774 1119 iracundiam.
827 1087 886 1120 Ex
917 1084 978 1119 his
1011 1084 1163 1132 liquido
1197 1085 1294 1119 mihi
1322 1093 1496 1120 constare
1525 1084 1688 1127 videtur,
1716 1083 1886 1128 ejusd-em

239 1152 330 1188 anni
358 1151 557 1196 Dionysiis
589 1150 776 1193 fabulam,
815 1152 858 1186 in
892 1163 967 1198 qua
1000 1151 1208 1187 Alcibiadis
1242 1152 1515 1197 mysteriorum
1554 1151 1771 1199 profanatio
1806 1152 1886 1187 sive

240 1227 370 1268 aperte
404 1218 485 1254 sive
519 1218 670 1254 occulte
704 1226 917 1261 taxaretur,
952 1217 1127 1254 exhiberi
1153 1220 1261 1255 nullo
1288 1218 1408 1254 modo
1440 1219 1621 1266 potuisse.
1674 1223 1806 1268 Itaque
1833 1230 1888 1254 se-

240 1287 390 1338 quentis
426 1286 515 1322 anni
549 1286 747 1333 Dionysiis
781 1287 858 1323 hoc
891 1286 1036 1323 factum
1068 1286 1116 1323 ab
1150 1287 1341 1335 Eupolide
1375 1286 1489 1329 dices,
1515 1288 1739 1334 praesertim
1767 1300 1887 1336 quum

238 1355 429 1405 sequentis
464 1354 621 1391 demum
654 1354 745 1390 anni
778 1355 905 1399 initio,
924 1354 1096 1391 *absente
1128 1355 1339 1397 Alcibiade,
1372 1355 1412 1390 in
1441 1354 1520 1400 ejus
1548 1367 1700 1391 causam
1725 1356 1885 1405 inquisi-

237 1433 322 1459 tum
347 1423 463 1458 fuisse
489 1431 645 1458 constet.
698 1423 818 1471 Atqui
841 1423 882 1459 id
908 1423 985 1467 iam
1011 1424 1146 1470 primis
1172 1423 1329 1459 secundi
1358 1423 1511 1471 Olymp.
1538 1425 1633 1460 XCI.
1663 1423 1753 1459 anni
1780 1437 1884 1459 men-

237 1491 339 1527 sibus
375 1490 520 1526 factum
555 1501 648 1533 esse,
680 1489 796 1526 docet
828 1491 995 1527 narratio
1029 1490 1201 1537 Thucyd.
1229 1493 1291 1532 VI,
1327 1502 1375 1535 50
1400 1509 1454 1517 --
1481 1501 1540 1535 54.
1579 1491 1640 1527 cll.
1667 1491 1783 1527 Diod.
1810 1491 1885 1528 sic.

236 1560 338 1601 XIII,
373 1569 407 1602 5.
460 1560 654 1594 Damnato
690 1566 818 1594 autem
852 1556 928 1603 jam
962 1557 1161 1595 Alcibiade
1194 1567 1232 1594 et
1263 1570 1332 1606 per
1362 1558 1498 1606 populi
1538 1558 1739 1595 decretum
1779 1560 1885 1595 exilii

236 1638 357 1674 poena
372 1626 548 1668 multam,
574 1625 776 1672 Eupolidis
802 1625 971 1663 fabulam
992 1627 1187 1663 committi
1209 1639 1286 1663 non
1306 1627 1487 1675 potuisse,
1515 1627 1599 1675 quis
1626 1635 1685 1663 est
1710 1628 1777 1677 qui
1803 1639 1882 1664 non

236 1692 452 1743 intelligat?
506 1692 675 1729 Omnino
701 1685 838 1740 parum
865 1693 1052 1730 credibile
1077 1703 1144 1737 est,
1171 1694 1403 1742 Eupolidem
1429 1698 1566 1743 Baptas
1593 1695 1749 1731 absente
1782 1692 1882 1730 Alci·

236 1761 349 1797 biade
375 1760 562 1803 docuisse,
590 1760 695 1808 quod
721 1761 753 1796 si
779 1774 868 1797 vere
895 1761 1039 1798 factum
1067 1771 1135 1805 est,
1161 1761 1416 1810 probabiliter
1436 1762 1617 1810 explicari
1637 1762 1736 1798 mihi
1754 1762 1882 1805 velim,

237 1829 303 1879 qui
338 1841 474 1864 rumor
507 1829 573 1864 ille
607 1828 655 1863 de
688 1829 880 1876 Eupolide
913 1839 1075 1878 propter
1098 1834 1234 1878 Baptas
1261 1843 1331 1878 per
1356 1830 1599 1867 Alcibiadem
1625 1837 1760 1866 necato
1787 1830 1883 1866 oriri

235 1897 416 1945 potuerit.
468 1900 593 1946 Quam
620 1895 671 1932 ob
698 1909 780 1933 rem
806 1910 881 1934 una
907 1907 1056 1935 tantum
1083 1908 1200 1935 restat
1225 1900 1449 1945 solennitas,
1476 1911 1549 1948 qua
1574 1907 1797 1946 temporum
1822 1909 1883 1935 ra-

235 1964 406 2002 tionibus
438 1963 728 2002 accommod'ate
760 1964 937 2014 impietas
971 1966 1180 2004 Alcibiadis
1213 1968 1418 2017 perstringi
1444 1966 1582 2016 potuit,
1615 1966 1882 2003 Panathenaea

233 2045 363 2071 mense
393 2033 711 2081 Scirrophorione
742 2033 944 2078 celebrata,
978 2047 1144 2084 quorum
1179 2036 1423 2072 festivitatem
1457 2035 1673 2071 fabularum
1702 2037 1882 2072 commis·

234 2101 402 2138 sionibus
438 2101 668 2137 celebratam
701 2101 828 2144 fuisse,
870 2102 1025 2139 fuerunt
1050 2105 1118 2152 qui
1146 2117 1167 2139 e
1193 2104 1367 2152 Diogene
1391 2108 1515 2140 Laert.
1545 2107 1611 2147 III,
1640 2108 1698 2148 56.
1727 2104 1877 2154 collige·

233 2177 329 2207 rent.
381 2167 455 2206 Sed
488 2167 536 2205 de
570 2168 646 2204 hoc
681 2169 839 2219 quidem
871 2170 960 2206 loco
995 2170 1144 2206 abunde
1175 2171 1251 2216 jam
1286 2172 1384 2206 dixit
1418 2171 1639 2207 Boeckhius
1680 2171 1727 2207 de
1767 2175 1873 2218 Trag.

235 2241 363 2274 Graec.
389 2249 427 2285 p.
458 2249 541 2281 207.
570 2250 648 2285 sqq.
684 2247 723 2274 et
755 2239 804 2275 de
836 2241 1004 2286 Spectac.
1032 2240 1191 2286 Dionys.
1217 2252 1255 2287 p.
1284 2249 1342 2284 98.
1369 2252 1425 2290 sq.
1478 2245 1611 2290 ltaque
1637 2240 1735 2278 nihil
1760 2238 1874 2277 relin-
