2155 2624
1043 86 1110 125 10

233 178 303 219 νέος
328 170 521 228 πρεσβύτῃ.
573 168 1012 229 Grandaevumobiisse
1038 169 1270 222 intelligitur
1296 183 1344 208 ex
1369 171 1564 224 Aristoph.
1590 177 1685 225 Equ.
1705 186 1788 221 517.
1806 187 1886 226 sqq.

235 258 333 295 quae
360 244 488 280 fabula
515 250 596 276 acta
622 248 678 274 est
705 239 860 285 Oly-mp'.
887 240 1133 281 LXXXVIII,
1172 247 1208 283 4.
1260 242 1345 278 Jam
1378 241 1410 275 si
1444 241 1618 286 ejusdem
1651 245 1889 291 Olympiadis

236 327 338 352 anno
372 311 500 363 primo
526 319 643 345 senex
671 305 788 351 obiit,
827 314 935 344 recte
960 317 1050 344 sane
1078 304 1158 354 ejus
1192 305 1489 347 adolescentiam
1514 309 1557 347 in
1583 312 1806 360 Epicharmi
1832 325 1889 351 se·

235 390 435 419 nectutem
466 376 647 412 incidisse
682 387 702 409 a
738 375 855 410 Suida
890 375 969 410 dici
1001 376 1140 421 potuit.
1192 379 1285 411 Non
1320 377 1541 413 dubitamus
1573 379 1693 426 igitur
1726 391 1889 417 aetatem

235 446 425 499 Magnetis
459 444 514 482 ita
540 441 719 485 definire,
753 451 798 478 ut
833 442 934 479 circa
962 443 1115 491 Olymp.
1142 445 1297 479 LXXX.
1325 443 1502 482 floruisse
1529 445 1690 483 dicatur.
1742 450 1816 486 Sed
1842 448 1890 486 de

235 514 393 565 reliquis
421 519 627 560 antequam
653 509 847 553 dicemus,
890 510 938 546 de
970 511 1094 559 patria
1120 511 1326 547 admonere
1350 512 1494 548 licebit.
1547 514 1695 550 Suidas:
1733 513 1892 564 Μάγνης,

236 584 383 634 Ἰκαρίου
408 579 554 624 πόλεως,
580 576 734 619 Ἀττικός
760 573 781 620 ἢ
806 575 999 621 Ἀθηναῖος.
1052 582 1126 616 Pro
1153 575 1291 621 πόλεως
1317 580 1481 618 debebat
1507 574 1627 629 δήμου,
1661 584 1728 631 qui
1754 584 1892 620 Suidae

236 660 306 695 est,
332 661 410 687 non
434 647 582 685 librarii
609 658 727 683 error.
754 647 952 682 Praeterea
970 647 1122 696 corrige
1147 645 1291 698 Ἰκαρίου
1315 646 1451 690 πόλεως
1474 647 1628 692 Ἀττικῆς
1653 646 1673 692 ἢ
1697 647 1890 691 Ἀθηναῖος.

238 718 423 757 Similiter
455 716 563 752 idem
597 715 644 751 de
678 711 889 762 Thespide:
930 716 1076 759 Θέσπις,
1114 714 1268 765 Ἰκαρίου,
1304 713 1441 758 πόλεως
1464 716 1630 761 Ἀττικῆς.
1681 722 1741 755 De
1768 718 1891 755 forma

235 783 375 835 Ἰκάριος
407 795 481 832 pro
508 782 658 832 vulgari
681 781 813 831 Ἰκαρία
842 781 980 817 frustra
1008 782 1187 818 dubitant
1212 775 1414 820 Reinesius
1442 793 1481 821 et
1508 786 1758 822 casaubonus.
1811 788 1891 821 He-

235 854 410 903 sychius:
450 849 609 901 Ἰκάριος,
636 845 741 898 δῆμος
765 847 946 901 Ἀθήνῃσι,
986 851 1056 888 ubi
1080 848 1243 902 Ἀθήνῃσι
1269 853 1387 889 simili
1412 854 1532 890 modo
1560 855 1708 891 dictum
1736 864 1808 898 est,
1847 863 1892 891 ut

234 924 433 960 Homerus
459 920 620 956 Sunium
646 918 961 966 promontorium
988 915 1093 968 α’κρον
1118 916 1270 961 Ἀθηνῶν
1298 920 1407 956 dixit.
1439 923 1525 960 Jam
1549 930 1654 957 recte
1680 922 1758 970 legi
1785 921 1891 956 vides

236 1002 296 1038 ap.
323 989 460 1025 Athen.
487 990 533 1023 II.
560 998 597 1035 p.
626 996 688 1031 40.
716 986 754 1021 b.
783 986 816 1022 ἐν
841 984 972 1034 Ἰκαρίῳ
999 985 1061 1027 τῆς
1094 985 1258 1028 Ἀττικῆς.
1311 987 1386 1024 cfr.
1420 989 1616 1025 Meursius
1652 988 1701 1024 de
1733 989 1891 1035 Populi's

235 1060 313 1094 Att.
340 1067 369 1092 s.
396 1068 433 1091 v.
465 1053 606 1103 Ἰκαρία.
659 1053 818 1090 Fabulas
853 1052 1030 1089 docuisse
1064 1056 1289 1102 Magnetem
1314 1066 1457 1092 novem
1485 1055 1654 1105 duasque
1679 1064 1893 1104 reportasse

234 1124 415 1162 victorias
450 1120 643 1159 affirmant
677 1121 812 1158 Suidas
845 1130 884 1158 et
916 1121 1109 1165 Eudocia,
1154 1121 1293 1170 quibus
1329 1135 1407 1171 quo
1440 1123 1570 1159 minus
1600 1122 1722 1159 fidem
1753 1122 1892 1159 habea·

234 1204 322 1231 mus
351 1189 538 1239 prohibet
569 1189 865 1237 Aristophanes,
918 1189 987 1237 qui
1018 1192 1116 1236 Equ.
1151 1198 1236 1234 518.
1270 1188 1319 1225 de
1352 1191 1535 1239 Magnete
1569 1189 1684 1226 dicit:
1735 1192 1893 1225 πλεῖστα

235 1257 347 1308 χορῶν
376 1255 442 1294 τῶν
474 1252 667 1292 ἀντιπάλων
699 1258 790 1297 νίκης
825 1255 949 1298 ἔστησε
982 1253 1145 1306 τρόπαια.
1211 1256 1456 1294 Credendum
1490 1257 1610 1307 igitur
1634 1257 1764 1305 potius
1790 1260 1893 1294 Ano-

236 1337 356 1374 nymo
390 1337 429 1373 p.
463 1326 603 1361 XXIX.
639 1323 824 1360 undecies
858 1335 950 1360 eum
983 1323 1118 1360 vicisse
1151 1322 1346 1361 referenti.
1416 1324 1525 1362 Idem
1558 1336 1606 1362 ex
1639 1324 1776 1363 fabulis
1813 1324 1891 1372 ejus

234 1394 336 1431 nihil
362 1403 557 1441 superesse
584 1391 759 1434 tradidit3
794 1403 892 1440 quae
919 1391 1023 1428 enim
1050 1391 1222 1428 ferantur
1247 1392 1317 1428 sub
1344 1393 1537 1443 Magnetis
1564 1393 1722 1430 nomine
1749 1405 1892 1430 novem

237 1461 479 1504 comoediae,
517 1471 579 1497 eas
614 1472 695 1496 esse
729 1459 1025 1497 commentitias.
1080 1462 1176 1496 Cum
1208 1462 1416 1508 Anonymo
1444 1461 1637 1498 consentit
1662 1462 1893 1506 Athenaeus,

238 1531 318 1567 sive
343 1529 474 1577 potius
488 1528 774 1570 Eratosthenes,
801 1539 918 1576 quem
944 1527 986 1562 in
1013 1526 1179 1563 ferendis
1207 1528 1256 1564 de
1282 1527 1500 1564 fabularum
1525 1526 1715 1575 ’γνησιότητι
1741 1528 1893 1574 judiciis

236 1597 383 1646 ubique
415 1603 622 1643 sequutum
657 1607 737 1631 esse
763 1595 1006 1631 Athenaeum
1032 1595 1225 1642 suspicor,
1257 1595 1345 1630 Lib.
1373 1598 1472 1631 XIV.
1507 1607 1545 1643 p.
1574 1599 1658 1639 646.
1687 1607 1719 1631 e.
1745 1592 1893 1642 Μάγνης

237 1662 259 1708 ἦ
285 1662 305 1702 o‘
331 1660 481 1706 ποιήσας
505 1661 573 1703 τοὶς
599 1662 646 1703 εἷς
670 1659 775 1699 αῠτδν
801 1660 1065 1712 ἀναφερομένας
1089 1674 1175 1709 κωμ.
1229 1661 1305 1700 Cfr.
1333 1662 1438 1700 idem
1464 1665 1529 1700 IX.
1558 1675 1596 1712 p.
1626 1666 1710 1708 567.
1736 1661 1762 1699 f.
1815 1667 1891 1700 Ne·

239 1745 313 1783 que
347 1731 499 1768 obstant
530 1735 756 1778 Anonymo,
795 1738 841 1766 ut
874 1731 994 1767 Bentl.
1027 1730 1147 1778 Epist.
1184 1729 1231 1765 ad
1264 1731 1366 1767 Mill.
1399 1742 1436 1779 p.
1463 1740 1550 1776 479.
1578 1731 1754 1779 putabat,
1796 1742 1892 1780 quae

238 1801 399 1837 Photius
425 1798 545 1835 habet
560 1811 588 1834 s.
605 1811 641 1833 v.
665 1793 850 1846 λυδιοίζωνε
876 1793 980 1834 Λυδοὶ
993 1795 1185 1845 Μάγνητος
1208 1796 1271 1834 τοῦ
1286 1796 1444 1844 Κωμικοῧ
1469 1794 1775 1843 &seneveio-&neam
1794 1811 1892 1847 quae

243 1867 373 1905 eadem
408 1865 512 1916 apud
544 1864 703 1903 Suidam
737 1877 765 1902 s.
792 1877 829 1902 v.
864 1859 969 1902 Λυδοὶ
1000 1866 1202 1915 leguntur;
1237 1865 1377 1902 similia
1411 1865 1512 1915 apud
1536 1865 1774 1915 Hesychium
1800 1877 1828 1902 s.
1855 1879 1890 1901 v.

242 1930 396 1983 λυδίζων,
420 1932 577 1984 χορεύων,
604 1929 662 1970 Bam*
686 1931 765 1973 τούς
789 1929 931 1976 Λυδούς,
958 1931 991 1969 οἳ
1015 1930 1185 1982 σώζονται
1210 1933 1272 1980 μὲν
1299 1927 1568 1981 διεσκευασμένοι
1594 1928 1619 1970 δ’
1647 1935 1739 1970 εἰσίν.
1764 1934 1891 1971 Nimi-

244 2014 335 2041 rum
368 2001 549 2039 latissime
580 2009 689 2052 patet
721 2001 835 2038 notio
860 1997 937 2043 τῆς·
954 1993 1147 2046 διασκευῆς,
1174 2009 1219 2038 ut
1243 2001 1381 2051 passim
1409 1995 1687 2051 διεσκευασμέναι
1714 2002 1892 2040 dicantur

243 2069 396 2107 fabulae
421 2080 491 2115 per
516 2082 647 2105 omnes
674 2069 754 2106 fere
779 2077 907 2118 partes
933 2069 1168 2105 immutatae.
1197 2069 1272 2106 Cfr.
1300 2070 1489 2107 Heinrich
1515 2070 1563 2107 de
1577 2071 1752 2107 Diasceu.
1779 2082 1889 2118 μοι.

243 2135 439 2187 Singulari
472 2134 591 2171 modo
625 2137 703 2173 Dio
739 2136 935 2185 chrysost.
969 2138 1125 2174 XXXII.
1159 2149 1196 2186 p.
1227 2150 1310 2184 391.
1344 2141 1386 2175 B.
1419 2132 1598 2186 κωμῳδίας
1622 2139 1685 2175 καὶ
1710 2132 1893 2175 ὃιασκευσὶς

244 2203 457 2253 conjungit.
509 2205 656 2253 Magno
690 2216 779 2241 cum
809 2204 942 2242 studio
976 2214 1163 2254 spectatas
1196 2219 1275 2243 esse
1316 2206 1462 2243 fabulas
1504 2206 1716 2256 Magnetis.
1759 2212 1805 2239 ut
1844 2203 1891 2239 de

243 2273 509 2314 victoriarum,
533 2284 624 2321 quas
649 2272 795 2317 retulit,
820 2286 984 2311 numero
1011 2282 1171 2319 taceam,
1198 2274 1312 2312 docet
1338 2275 1455 2312 etiam
1478 2273 1672 2322 Aristoph.
1698 2272 1723 2307 1.
1750 2270 1775 2306 1.
1804 2282 1889 2316 519.
