2155 2624
1017 43 1092 106 43

228 143 346 193 Epist.
374 142 423 179 ad
448 143 525 178 Att.
551 141 616 181 VI,
647 153 678 176 1.
706 137 846 176 docent
871 138 1106 176 Themistius
1141 141 1243 176 Orat.
1271 140 1368 176 VIII.
1402 149 1440 187 p.
1473 150 1553 176 110.
1580 141 1623 176 B.
1655 138 1878 186 Ἀλκιβιάδης

228 231 281 240 -
305 213 367 246 καὶ
398 206 515 245 ταῦτα
541 206 723 256 curmis-
757 204 799 244 ὦν
833 206 969 259 aigei-35·
993 207 1061 256 οὐχ
1087 206 1191 248 οὕτως
1215 205 1510 254 ἀπεμνημόνευσεν
1535 203 1701 245 Εὐπόλιδι
1727 229 1778 237 -
1801 212 1878 253 τοῦς

228 276 394 321 Βάπτας,
435 285 474 313 et
512 276 638 313 Schol.
673 280 805 314 Iuven.
840 280 888 322 11,
925 289 985 323 92.
1037 281 1215 325 Baptae
1242 288 1353 326 ergo
1381 278 1570 321 molles,
1607 290 1700 327 quo
1726 279 1878 316 titulo

226 346 428 394 Eupolis
469 346 768 381 comoediam
802 348 1019 393 scripsit,
1074 345 1131 381 ob
1166 357 1304 393 quam
1338 344 1394 380 ab
1428 347 1699 391 Alcibiade,
1740 360 1879 397 quem

225 414 449 463 inprimis
488 415 867 463 perstrinxerat,
907 423 1108 451 necatus
1148 421 1226 450 est.
1286 415 1393 462 Quae
1430 421 1621 461 postrema
1657 416 1877 464 paullulum

224 483 427 520 immutata
458 491 497 519 et
530 483 673 532 insigni
707 484 971 519 additamento
1006 491 1114 517 aucta
1151 482 1339 529 Georgius
1372 483 1477 517 Valla
1510 484 1564 517 ita
1603 484 1775 521 exhibet':
1815 486 1874 522 ob

224 564 360 600 quam
385 551 669 588 Alcibiades
693 571 748 578 —
774 551 942 588 necuit
973 551 1128 598 ipsum
1161 550 1209 585 in
1237 562 1361 586 mare
1387 550 1783 599 praecipitando,
1809 552 1873 589 di·

223 632 350 664 cens,
383 628 433 656 ut
466 628 517 655 tu
549 618 701 655 mein
729 618 936 654 theatris
969 617 1301 660 madefecisti,
1335 630 1464 653 nunc
1491 631 1577 668 ego
1604 628 1651 654 te
1676 620 1726 655 in
1752 622 1874 656 mari

222 688 541 725 madefaciam.
594 691 702 736 Quae
727 687 875 724 Vanam
902 700 949 723 ex
974 687 1184 737 integriore
1211 686 1420 723 Scholiasta
1447 686 1627 731 hausisse,
1661 687 1874 736 probabilia

221 766 277 793 est
308 755 529 802 conjectura
563 755 787 791 Buttmanni
824 755 873 793 de
906 757 1028 793 Sacris
1063 755 1242 803 Cotyttiis
1274 767 1310 803 p.
1339 766 1372 798 7.
1408 767 1640 803 quamquam
1673 756 1773 793 nihil
1797 757 1872 793 im-

219 823 338 872 pedit,
375 824 579 872 quominus
606 835 649 859 ea
675 825 821 860 Vallam
850 837 897 860 ex
923 825 1133 860 Scholiasta
1160 826 1239 859 MS.
1268 824 1445 859 Aristidis
1473 824 1626 859 duxisse
1651 833 1871 869 statuamus,

220 892 325 937 cujus
359 893 464 929 hunc
497 892 628 928 locum
662 905 684 928 e
718 885 863 928 Codic‘e
896 892 1059 940 protulit
1093 895 1302 928 Creuzerus
1343 891 1391 927 ad
1429 891 1628 940 Plotinum
1663 891 1712 927 de
1743 892 1869 929 Pulcr.

217 972 253 1010 p.
279 964 365 1006 465.
398 954 617 1008 κωμῳδηθεὶς
646 959 893 1009 (Alcibiades)
928 957 1027 1009 παξαῖ
1051 955 1246 1000 Εὐπόλιδες
1277 957 1415 1010 ἕξξιψεν
1440 958 1543 996 adrev
1573 961 1607 996 ἐν
1630 958 1675 1011 τῇ
1698 957 1871 1011 θαλάττῃ

217 1048 267 1057 ·-
298 1026 411 1065 εἰπών·

420 1093 560 1136 Βοίπτες
593 1096 628 1141 μ’
657 1097 687 1132 ἐν
713 1093 917 1145 θυμέλῃσιν,
944 1094 1014 1144 ἐγώ
1039 1091 1074 1131 δέ
1099 1109 1140 1132 σε
1167 1093 1298 1142 κύμασι
1323 1093 1450 1132 πόντου

523 1160 707 1211 βαπτίζων
732 1162 844 1198 ὀλέσω
869 1160 1001 1207 νάμασι
1033 1166 1247 1212 πικροτέροις.

213 1230 277 1266 Sic
302 1228 409 1266 enim
433 1230 641 1279 legendum
666 1242 739 1278 pro
765 1226 890 1274 βοίπτε
916 1242 961 1277 με
987 1231 1020 1266 ἐν
1044 1227 1083 1267 θ.
1138 1234 1293 1266 Certum
1327 1229 1448 1278 igitur
1473 1237 1531 1265 est
1555 1228 1768 1266 traduxisse
1793 1231 1867 1267 hac

212 1297 255 1334 in
283 1297 410 1334 fabula
434 1298 602 1346 Eupolin
630 1298 796 1335 maxime
812 1298 1060 1335 Alcibiadem.
1115 1298 1229 1348 Quod
1256 1309 1329 1346 qua
1355 1298 1506 1333 ratione
1532 1297 1669 1333 fecerit
1692 1298 1727 1333 si
1752 1311 1865 1347 quae-

212 1367 353 1409 rimus,
385 1367 594 1415 respondet
625 1366 738 1404 nobis
772 1366 899 1404 Schol.
933 1367 1142 1404 Iuvenalis:
1181 1370 1356 1414 Baptae
1388 1366 1563 1401 titulus
1598 1365 1719 1402 libri
1746 1365 1801 1415 (h.
1829 1380 1862 1405 e.

212 1434 447 1479 comoediae,
473 1444 519 1472 ut
543 1436 646 1484 apud
671 1435 832 1485 Quintil.
860 1434 948 1472 Lib.
974 1438 1004 1478 I,
1036 1446 1092 1478 ιο,
1113 1444 1168 1477 18.
1196 1435 1264 1471 ubi
1292 1434 1443 1471 dubitat
1469 1435 1739 1484 Spaldingius)‚
1767 1450 1862 1486 quo

210 1502 452 1550 impudici
477 1503 823 1539 describuntur
850 1503 907 1538 ab
934 1503 1194 1550 Eupolide,
1222 1504 1303 1551 qui
1334 1503 1533 1539 inducit
1566 1504 1696 1540 viros
1723 1506 1861 1542 Athe·

210 1571 405 1608 aienses
451 1571 506 1608 ad
552 1571 883 1609 imitationem
922 1570 1210 1607 feminarum
1250 1571 1479 1607 saltantes
1520 1571 1703 1608 lassare
1739 1574 1859 1620 psal·

210 1638 364 1674 triam.
417 1642 597 1687 Baptae
631 1650 743 1688 ergo
774 1640 946 1676 molles
979 1649 1050 1675 etc.
1104 1642 1209 1689 Quae
1244 1640 1275 1675 si
1310 1640 1394 1688 quis
1426 1651 1518 1675 cum
1551 1639 1637 1686 ipso
1668 1640 1857 1677 Iuvenalis

208 1707 310 1749 loco,
336 1710 602 1744 Romanorum
629 1716 780 1756 turpem
807 1707 1032 1756 nequitiam,
1073 1707 1140 1756 qui
1167 1707 1411 1744 clandestinis
1439 1707 1693 1744 conventibus
1719 1708 1856 1744 mulie-

206 1786 294 1809 rum
320 1774 455 1809 habitu
484 1775 591 1823 orgia
616 1784 854 1824 peragerent,
882 1776 1124 1812 acerbissime
1151 1776 1325 1817 tutantis,
1354 1775 1611 1811 contenderit:

410 1842 546 1893 Talia
572 1851 756 1878 secreta
783 1842 1047 1880 coluerunt
1074 1843 1210 1893 orgia
1238 1842 1392 1886 taeda,

411 1910 697 1957 cecropiam
722 1911 862 1963 soliti
888 1915 1065 1959 Baptae
1097 1913 1276 1948 lassare
1302 1910 1568 1958 Cotyttm’)

241 2113 276 2152 ⁸)
306 2115 469 2149 Lauare
502 2116 668 2162 Cotytto
698 2119 902 2150 Buttmann,
934 2130 1002 2150 cum
1034 2119 1099 2150 aliis
1129 2120 1347 2160 interpretatur
1370 2118 1576 2159 frequenti
1602 2129 1719 2160 prece
1744 2120 1847 2150 iuvo-

304 2172 410 2203 care,
438 2171 473 2196 ut
499 2166 836 2202 HoratiusRVestam
863 2177 980 2209 prece
1006 2166 1181 2209 fatigare
1214 2166 1295 2197 dixit,
1330 2165 1473 2196 Fortasse
1500 2165 1613 2197 rectius
1641 2166 1678 2197 ad
1699 2165 1846 2208 cymbalo-

304 2221 372 2242 rum
391 2218 665 2254 tympanorumque
685 2215 845 2256 strepitum
865 2214 977 2252 trahas,
1003 2214 1112 2254 quibus
1131 2214 1247 2254 Baptae
1267 2212 1312 2243 illi
1329 2213 1417 2244 deam
1438 2224 1523 2244 suam
1543 2212 1760 2244 obtundebant.
1799 2212 1845 2242 Ae

303 2256 432 2291 tortasse
451 2265 593 2301 spectant
612 2260 673 2292 huc
693 2261 754 2293 loci
774 2272 822 2304 ap.
836 2261 1028 2293 Athenaeum
1041 2261 1092 2292 lv.
1106 2272 1136 2303 p.
1151 2261 1217 2291 183.
1239 2259 1261 2290 f.
1283 2266 1315 2291 et
1329 2260 1435 2292 Schol.
1449 2260 1696 2301 Apolloniisshl.
1712 2258 1843 2293 1139.1et

1226 2319 1302 2353 Fa
