2155 2624
1106 99 1172 147 51.

319 190 526 233 ditionem,
560 186 906 224 funestissimorurn
933 187 1126 223 malorum
1154 199 1340 232 caussam,
1381 187 1729 232 commendaverit,
1769 190 1959 240 Aristoph.

315 259 471 306 Lysistr.
510 265 594 302 5923.
627 257 723 292 Plut.
758 257 845 292 Nic.
878 269 934 292 12.
972 257 1095 294 Alcib.
1128 266 1185 300 18.
1214 269 1336 305 eoque
1369 257 1453 304 ipso
1479 258 1677 306 Eupolidis
1713 259 1963 309 omniumque

314 325 565 376 prudentium
592 334 630 361 et
654 327 798 373 patriae
825 325 1038 361 amantium
1065 326 1238 362 virorum
1266 325 1401 361 odium
1428 326 1607 362 excitasse
1633 327 1820 371 videatur,
1861 328 1965 366 haud

314 393 439 437 inani,
479 394 633 441 opinor,
672 392 892 439 conjectura
925 402 1103 442 quartum
1136 407 1280 430 annum
1309 395 1461 441 Olymp.
1488 396 1582 429 XCI.
1610 394 1757 431 fabulae
1783 397 1965 433 commis·

315 462 416 498 sioni
450 461 743 511 adsignabimus.
799 464 923 510 Quam
958 461 1214 509 suspicionem
1242 462 1359 497 etiam
1385 461 1620 508 Laespodiae
1646 465 1963 500 commemoratio

316 528 544 566 confirmare
576 530 748 573 videtur,
782 542 897 577 quem
931 529 1084 577 Olymp.
1120 533 1223 572 XCI,
1260 541 1293 574 5.
1325 529 1576 577 imperatorio
1603 542 1760 567 munere
1786 531 1961 568 functum

315 610 405 642 esse,
433 611 454 634 e
480 597 710 644 Thucydide
736 599 817 639 VII,
850 607 933 640 105.
968 597 1208 646 intelligitur.

416 669 521 715 Quae
556 666 734 712 deinceps
767 673 981 713 sequuntur
1014 664 1164 701 fabulae
1200 662 1356 709 Διαιτῶν,
1396 662 1495 709 Διοίς,
1526 664 1706 710 Ἔιλωτες,
1746 668 1891 702 Κλοπα)
1925 676 1963 703 et

316 732 488 778 Λάκωνες,
524 746 655 770 earum
687 732 915 780 paucissima
943 731 1154 782 fragmenta
1182 741 1324 769 servata
1351 741 1449 769 sunt.
1503 732 1686 770 Διαιτὸῗν
1712 734 1887 771 laudatur
1913 734 1960 771 ab

314 814 394 838 uno
430 802 586 838 Polluce
612 803 693 842 VII,
727 803 807 842 163.
842 800 909 836 ubi
943 802 1115 843 Anaxila,
1142 801 1291 837 mediae
1318 811 1432 843 poeta
1460 802 1697 845 comoediae,
1724 815 1960 839 commemo·

311 879 407 913 rat0,
440 870 495 904 ita
528 870 670 918 pergit:
709 867 772 903 τῶν
806 862 841 903 δὲ
875 870 921 903 ἔτι
957 870 1114 919 νεωτέρων
1145 882 1194 909 τις
1226 867 1379 909 Εὔπολις
1404 872 1467 905 καὶ
1491 868 1549 911 τήν
1573 868 1702 907 πύελον
1726 890 1779 898 -
1803 867 1962 921 faoi-mgna

311 934 485 985 ὠνόμασεν
511 934 554 977 ὥς
580 936 609 972 οἱ
636 933 696 979 νῦν,
730 935 827 983 λέγει
853 934 935 983 ’γοῦν
962 937 992 971 ἕν
1014 935 1194 972 Διαιτῶντι·

692 1005 738 1043 εἷς
771 1002 958 1048 βαλανεῖον
983 1024 1036 1031 -
1059 1026 1111 1032 —
1153 1016 1175 1035 υ
1216 1025 1267 1031 -
1309 1018 1331 1038 ω
1370 1025 1422 1033 -

614 1068 782 1108 εἰσελθών
808 1069 858 1118 μή
882 1069 1124 1122 ζηλοτυπήσῃς
1147 1070 1205 1108 τέν
1231 1070 1472 1117 συμβαίνοντσί
1505 1085 1557 1108 σοι

615 1141 661 1178 εἷς
693 1138 750 1179 τήν
782 1138 952 1188 μάκτραν.

309 1208 371 1244 Sic
403 1206 507 1242 enim
539 1205 757 1254 legendum.
810 1209 855 1241 In
887 1206 949 1240 his
983 1203 1100 1240 verba
1134 1204 1198 1240 τῶν
1224 1199 1259 1240 δὲ
1286 1206 1332 1240 ἔτι
1359 1207 1514 1254 νεωτέρων
1538 1218 1588 1246 τις
1619 1207 1837 1243 Fabricium
1863 1207 1959 1243 adeo

310 1276 562 1322 deceperunt,
603 1282 646 1309 ut
680 1271 868 1308 Διαιτῶντσι
900 1272 1043 1319 juniori
1071 1272 1274 1320 Eupolidi,
1315 1273 1381 1321 qui
1408 1274 1537 1309 nullus
1564 1286 1735 1323 unquam
1761 1274 1853 1318 fuit,
1893 1275 1960 1311 tri-

307 1342 445 1378 buerit.
497 1345 618 1378 Recte
650 1341 745 1377 haec
781 1340 898 1376 verba
931 1340 1069 1375 desunt
1101 1341 1142 1375 in
1175 1343 1258 1377 MS.
1293 1341 1433 1376 inserta
1469 1350 1557 1388 post
1587 1341 1787 1390 Eupolidis
1813 1354 1957 1379 nomen

307 1410 493 1459 particula
521 1406 565 1445 δέ.
620 1407 725 1448 Διοίς
762 1408 889 1443 fabula
920 1408 1047 1445 eidem
1073 1408 1236 1444 debetur
1268 1409 1418 1444 Polluci
1450 1412 1516 1452 IX,
1553 1422 1611 1452 27.
1663 1408 1815 1449 Εὔπολις
1850 1411 1882 1446 ἐν
1916 1409 1959 1461 τῇ

308 1473 417 1523 Λωίδι,
443 1477 513 1514 ubi
539 1481 731 1526 Iungerm.
760 1471 878 1520 Δυαῖδι,
906 1477 1083 1513 Kuhnius
1111 1473 1267 1517 Δηλιάσι.
1295 1481 1488 1514 Neutrum
1513 1477 1778 1526 probabiliter.
1830 1479 1957 1514 Εἴλω-

308 1559 390 1586 τας
421 1546 580 1581 laudant
614 1546 753 1581 Athen.
787 1547 848 1580 IV.
882 1557 919 1592 p.
961 1555 1042 1590 138.
1080 1559 1111 1580 e.
1165 1546 1303 1581 Pollux
1335 1548 1401 1588 IX,
1436 1556 1494 1589 74.
1528 1549 1577 1589 X,
1614 1556 1673 1590 98.
1714 1544 1899 1586 Κλοποίς
1919 1556 1957 1582 et

308 1611 520 1653 Λάκωνας
545 1614 750 1648 Erotianus
776 1625 804 1648 S.
833 1627 868 1648 v.
896 1609 1069 1658 ἡδύς-μασι
1095 1625 1132 1660 p.
1165 1626 1246 1656 172.
1276 1622 1313 1648 et
1339 1626 1366 1648 s.
1393 1627 1428 1649 v.
1456 1612 1630 1660 μυττωτές
1662 1626 1698 1661 p.
1730 1618 1813 1658 246.

408 1681 537 1716 Multo
574 1680 811 1729 frequentior
844 1680 945 1728 apud
972 1689 1117 1716 veteres
1145 1681 1347 1727 scriptores
1376 1680 1455 1727 ejus
1483 1681 1633 1717 fabulae
1659 1682 1806 1717 mentio
1832 1681 1955 1727 injici-

306 1760 388 1792 tur,
429 1761 544 1797 quam
579 1746 739 1784 Κολάκων
772 1749 931 1784 nomine
964 1748 1177 1797 inscripsit,
1218 1748 1324 1795 cujus
1358 1758 1627 1798 argumentum
1654 1762 1744 1785 cum
1771 1750 1810 1785 in
1839 1749 1953 1785 Callia

305 1817 482 1859 maxime,
518 1817 733 1864 Hipponici
758 1816 855 1860 filio,
891 1816 1120 1866 exagitando
1147 1826 1339 1852 versatum
1366 1817 1426 1859 sit,
1466 1818 1636 1865 primum
1663 1817 1711 1852 de
1736 1817 1847 1862 hujus
1874 1817 1954 1852 vita

307 1886 554 1933 moribusque
580 1886 711 1933 paullo
739 1886 951 1922 accuratius
979 1885 1251 1934 exponendum
1279 1885 1433 1922 videtur
1446 1885 1491 1933 *).
1520 1885 1652 1922 Callias
1679 1885 1796 1933 igitur
1822 1893 1955 1921 noster

305 1954 552 2001 Eupolideus,
579 1953 846 1990 Melitensium
872 1948 964 1999 δήμῳ
991 1954 1214 2001 adscriptus,
1247 1954 1373 1990 Schol.
1394 1954 1555 1991 Luciani
1580 1957 1671 1988 Iove
1697 1956 1807 2001 Trag.
1833 1956 1880 1989 T.
1907 1956 1953 1989 11.

341 2116 374 2153 1ῑ)
398 2117 445 2146 De
467 2117 562 2147 nobili
581 2117 826 2158 Il'ipponicorum
845 2116 957 2147 familia
976 2121 1106 2158 egerunt
1126 2116 1303 2155 Palma-ius,
1324 2118 1367 2147 lo.
1383 2117 1433 2147 Fr.
1450 2115 1626 2147 Gronovius
1648 2117 1769 2157 aliique,
1791 2127 1868 2157 quos
1886 2116 1951 2147 vide

406 2163 485 2203 apud
507 2163 673 2193 Sluiterum
693 2165 779 2195 Lect.
800 2165 918 2194 Amloc.
940 2176 970 2206 p.
991 2164 1037 2195 95.
1065 2163 1251 2193 Boeckhium
1274 2164 1392 2194 Oecon.
1413 2163 1479 2193 Au.
1498 2164 1534 2193 Π.
1558 2176 1587 2204 p.
1608 2163 1655 2195 15.
1678 2171 1709 2194 ct
1728 2164 1950 2195 Dahlmannum

407 2209 533 2248 Quaest.
561 2210 695 2241 historic.
725 2212 763 2242 T.
792 2213 814 2242 1.
842 2223 872 2253 p.
895 2211 942 2241 11.
982 2211 1031 2242 De
1052 2217 1156 2241 nostro
1180 2208 1276 2240 Callia
1297 2210 1454 2251 complura
1474 2217 1613 2241 vetorum
1633 2217 1791 2241 anctorum
1813 2212 1876 2241 loca
1896 2220 1948 2239 cu—

405 2258 555 2288 mulavere
577 2257 726 2288 Sluiterus
748 2259 767 2288 l.
790 2259 808 2288 Ι.
831 2271 860 2299 p.
882 2257 929 2289 94.
952 2265 983 2289 et
1004 2258 1196 2289 Heindorflus
1218 2258 1254 2287 ad
1274 2258 1409 2289 Platonis
1430 2258 1516 2289 Prot.
1539 2258 1567 2289 5.
1589 2270 1619 2299 p.
1648 2257 1716 2289 465.
1743 2259 1794 2289 sed
1820 2256 1948 2297 explic»

404 2304 463 2335 tius
485 2305 536 2345 qui
557 2304 622 2344 ejus
642 2304 798 2335 historiam
819 2306 1003 2345 tractaverit,
1031 2305 1101 2336 novi
1121 2304 1281 2336 neminem.

1330 2363 1412 2400 G2
