2155 2624
1012 106 1095 167 44

219 202 413 253 intelliget
446 202 639 250 profecto,
678 200 847 249 Eupolin
882 201 963 236 hac*
991 201 1033 237 in
1067 200 1199 237 fabula
1222 201 1464 239 Alcibiadem
1491 201 1643 252 ejusque
1671 202 1794 238 socios
1821 203 1874 239 ita

221 273 263 308 in
300 284 451 309 scenam
484 269 730 317 produxisse,
765 278 810 305 ut
836 269 1035 305 nocturnis
1070 270 1259 305 conviviis
1288 271 1550 316 C0tyttiorum
1574 284 1766 308 sacrorum
1793 279 1874 307 tur-

222 340 439 388 pitudinem
473 338 718 373 imitarentur
749 347 799 381 et,
833 338 1036 374 accedente
1068 338 1194 374 noctis
1228 338 1395 380 licentia,
1430 338 1531 374 nihil
1564 339 1749 376 facinoris·
1775 340 1875 376 nihil

222 406 359 456 flagitii
386 406 751 454 praetermitterent.
806 409 903 442 Cum
929 405 988 441 his
1015 406 1046 440 si
1072 405 1260 452 Hesychii
1286 405 1419 440 locum
1447 405 1701 452 conjunxeris,
1728 409 1769 444 in
1797 419 1873 456 quo

221 475 362 510 diserte
396 474 564 521 Eupolin
601 475 694 510 odio
729 486 816 523 erga
851 474 1072 510 Corinthios
1106 482 1328 521 permotum
1362 477 1519 520 Cotytto
1553 474 1672 509 deam¹
1698 476 1738 511 in
1766 488 1875 512 scena

222 540 442 577 exhibuisse
468 550 640 584 testatur,
668 545 711 577 T.
739 545 785 577 11.
813 554 852 588 p.
882 528 964 585 551.
992 539 1156 577 Κοτυτταὶ
1179 538 1197 576 o‘
1223 540 1282 587 μὲν
1308 538 1459 580 Eumne
1485 540 1562 577 κατ’
1591 538 1768 588 &Sos-ro*
1793 541 1878 592 πξὲς

221 608 302 649 τοὺς
328 607 522 658 Κσξινθίσυς·
549 606 712 656 φορτικόν
736 621 810 644 τινα
837 595 986 654 duspurc<
1014 605 1271 656 διατίθεται*),
1298 609 1400 645 haud
1428 609 1524 645 levis
1553 609 1731 645 oboritur
1758 611 1877 656 suspi-

224 677 298 720 cio,
333 676 516 723 Eupolidi
549 684 701 723 praeter
736 676 945 713 Alcibiadis
981 677 1203 713 irrisionem
1238 678 1353 713 etiam
1379 677 1455 713 hoc
1481 676 1598 713 fuisse
1621 677 1877 725 propositum,

222 753 267 780 ut
291 743 525 794 flagitiosam
541 744 844 788 Corinthiorum,
874 745 975 792 apud
1003 758 1098 795 quos
1125 758 1274 782 summa
1302 746 1374 781 fuit
1390 745 1649 792 Cotyttiorum
1676 745 1877 782 sanctimo-

222 813 298 855 nia,
325 812 530 848 libidinem
557 822 715 856 taxaret,
743 826 867 862 eoque
893 815 978 862 ipso
1007 815 1176 861 Cotyttia
1202 826 1305 850 sacra
1329 815 1370 850 in
1398 823 1635 850 contemtum
1664 814 1878 856 adduceret,

224 889 263 916 et
298 893 349 915 ne
381 882 544 916 Athenis
577 882 843 928 reciperentur
876 892 1036 918 caveret.
1090 885 1247 917 Prorsus
1283 883 1384 916 enim
1421 883 1604 917 assentior
1635 887 1880 924 Buttmanno‚

225 948 331 984 nulla
367 947 458 983 dum
490 948 690 995 Eupolidis
727 957 848 984 aetate
884 949 1052 996 Cotyttia
1087 948 1133 984 ab
1167 948 1462 985 Atheniensibus
1488 949 1782 997 recepta-fuisse
1810 958 1880 985 sta·

226 1016 362 1050 tuenti.
390 1016 570 1062 Sequitur
595 1025 647 1049 ut*
668 1017 807 1062 quibus
836 1017 955 1051 causis
981 1025 1179 1062 permotus
1205 1017 1363 1063 Eupolis
1391 1016 1558 1050 fabulam
1587 1029 1694 1051 suam
1721 1021 1880 1063 Bapta-

225 1086 332 1120 rum
366 1083 526 1119 nomine
560 1083 798 1132 inscripserit
833 1084 1048 1128 doceamus,
1084 1083 1132 1120 de
1167 1082 1273 1131 cujus
1301 1083 1410 1120 verbi
1435 1084 1751 1133 interpretatione
1777 1085 1881 1120 viros

227 1151 361 1186 doctos
388 1151 428 1184 in
457 1151 730 1186 diversissimas
757 1161 881 1198 partes
909 1153 1013 1187 abire
1046 1152 1186 1186 videas.
1242 1155 1299 1187 Ac
1323 1151 1409 1186 T-ib.
1445 1153 1602 1198 quidem
1629 1153 1881 1187 Hemsterhu-

226 1219 327 1255 sium
361 1218 408 1254 ad
441 1218 637 1266 Aristoph.
671 1220 770 1255 Plut.
807 1228 893 1262 8554.
933 1216 1080 1258 Βάπτας
1115 1218 1162 1254 de
1196 1218 1495 1254 tinctoribus
1524 1219 1777 1265 explicantem
1806 1231 1882 1254 non

229 1294 287 1321 est
314 1284 418 1332 quod
448 1297 655 1320 moremur.
691 1286 1019 1322 Aliteixssesnerus
1047 1284 1093 1318 ad
1120 1284 1276 1319 Lucian.
1304 1288 1346 1319 T.
1363 1288 1428 1319 ΠΙ.
1454 1296 1490 1331 p.
1511 1298 1592 1320 122.
1622 1286 1687 1333 qui
1713 1289 1883 1332 Baptas

228 1354 383 1389 solenne
417 1355 593 1398 Cotyttus
620 1352 863 1388 sacerdotum
889 1364 1030 1387 nomen
1059 1351 1173 1387 fuisse
1201 1350 1400 1398 conjectat,
1433 1352 1475 1388 in
1510 1364 1587 1401 quo
1623 1352 1885 1401 acquiescebat

229 1421 325 1457 olim
364 1419 586 1456 Lobeckius
627 1419 676 1455 de
714 1421 847 1454 Morte
884 1419 1028 1455 Bacchi
1067 1422 1106 1455 P.
1150 1423 1197 1456 ΙΙ.
1231 1431 1269 1467 p.
1310 1432 1365 1455 12.
1401 1420 1529 1467 ipsum
1553 1420 1793 1457 Alcibiadem
1819 1421 1883 1456 isti

227 1492 437 1535 Baptarum
479 1487 644 1536 collegio
687 1487 921 1534 adscriptum
962 1486 1078 1521 fuisse
1119 1487 1351 1523 existimans.
1415 1491 1467 1524 At
1492 1492 1700 1535 Baptarum
1739 1500 1883 1523 nomen

230 1567 350 1604 quum
386 1567 433 1590 ex
466 1555 575 1590 nullo
611 1555 798 1603 scriptore
824 1554 899 1591 nisi
928 1566 981 1590 ex.
1000 1554 1235 1602 Eupolideae
1262 1554 1415 1591 fabulae
1439 1556 1566 1604 elogio
1593 1555 1793 1603 cognitum
1818 1556 1885 1591 ha-

229 1623 400 1665 beamus,
429 1631 578 1658 certum
607 1623 802 1671 quoddam
830 1632 868 1658 et
893 1624 1087 1670 peculiare
1114 1626 1321 1669 Baptaruni
1350 1623 1555 1670 collegium
1582 1622 1697 1658 fuisse
1729 1623 1885 1670 probari

230 1703 310 1727 non
337 1699 485 1738 potest,
512 1691 553 1726 id
582 1691 699 1738 quod,
726 1700 909 1727 monente
936 1691 1091 1726 Struvio
1121 1690 1278 1726 Observ.
1308 1690 1390 1726 crit.
1418 1693 1518 1726 Fasc.
1550 1702 1606 1734 15.
1632 1702 1668 1737 p.
1695 1701 1772 1735 15.,
1799 1703 1883 1727 eam

233 1769 388 1805 quoque
416 1758 466 1793 ob
496 1771 649 1795 causam
674 1771 755 1794 non
782 1757 987 1806 probabile
1014 1766 1080 1799 est,
1109 1756 1214 1805 quod
1242 1757 1411 1803 Cotyttia
1439 1757 1573 1792 azsolis
1601 1756 1754 1793 feminis
1780 1770 1885 1805 pera-

336 1924 388 1963 lv,
411 1921 478 1955 144.
509 1923 545 1955 ad
576 1935 654 1966 quae
674 1924 803 1966 respexit
827 1924 972 1955 Photius:
1003 1921 1122 1961 Ῥἐμβος
1140 1922 1215 1967 (leg.
1245 1921 1385 1965 ῥόμβος),
1407 1919 1423 1954 0⁶
1447 1920 1559 1962 ’ἔχουσιν
1578 1924 1603 1955 οἱ
1628 1923 1833 1965 immulgen-u<
1853 1928 1887 1960 οἷς

338 1971 493 2008 τόμοι-ανον.
514 1968 601 2002 οὕτως
620 1969 753 2002 Εὔπολις.
792 1973 884 2001 Saxa
904 1981 999 2001 voce
1019 1971 1067 2001 rel
1087 1973 1260 2013 strepitu
1288 1972 1458 2014 fatigare
1483 1972 1590 2003 eodem
1611 1983 1701 2003 sensu
1722 1973 1792 2004 dixit
1812 1974 1887 2006 ovi-

336 2019 402 2049 dius
422 2019 546 2049 Mctam.
569 2019 591 2056 1,
613 2018 680 2049 573.
709 2024 740 2048 et
760 2018 853 2048 Trist.
873 2019 912 2055 V,
935 2018 963 2056 1,
984 2017 1031 2048 62.

276 2077 309 2116 ⁸)
340 2078 485 2109 Similiter
512 2078 571 2109 hoc
599 2079 693 2109 verbo
723 2079 754 2109 in
783 2090 815 2111 re
843 2079 961 2109 scenica
988 2079 1112 2119 proprio
1133 2092 1203 2111 usus
1227 2086 1273 2111 est
1293 2077 1531 2124 DionChrysost.
1554 2078 1608 2110 Or.
1628 2077 1745 2111 XXXI.
1770 2093 1799 2122 p.
1820 2081 1887 2114 631.

339 2123 480 2153 Ἀθηναῖοι
501 2124 523 2149 ἔν
544 2124 584 2159 τᾷ
602 2123 718 2161 θείω-ζμ
738 2124 857 2151 θεῶνται
874 2139 908 2145 -
923 2123 969 2150 ὁπ’
987 2123 1071 2153 αᾶτόν
1091 2124 1135 2155 vi·
1153 2125 1320 2162 αι’κςόπολιν,
1342 2124 1372 2151 οὑ
1393 2124 1436 2151 τᾶν
1455 2122 1582 2151 Aulum„
1601 2124 1645 2151 ἐπὶ
1664 2124 1709 2154 τὼ
1729 2123 1889 2164 dexio-242,

342 2168 514 2198 ἳιιιτιθέιιο-ι.
543 2168 630 2198 Adde
652 2179 730 2208 quae
751 2169 871 2199 monuit
892 2174 1049 2199 accuratae
1066 2168 1111 2199 vir
1131 2170 1286 2200 doctrinae
1308 2175 1338 2200 et
1359 2168 1573 2210 elegantissimi
1592 2168 1706 2210 ingenii
1718 2169 1776 2200 Ad.
1790 2169 1888 2201 Gottl.

343 2215 473 2255 Langius
500 2216 618 2246 Vindio.
647 2216 740 2258 Trng.
768 2217 859 2247 Rom.
889 2227 919 2257 p.
947 2215 994 2246 25.
1029 2213 1173 2247 Ceterum
1199 2216 1358 2258 Eupolidis
1385 2216 1460 2246 illud
1489 2226 1561 2258 erga
1583 2214 1759 2247 Corinthios
1786 2217 1889 2247 odium

344 2273 408 2292 non
436 2261 471 2290 de
499 2263 651 2301 privata
678 2264 777 2304 aliqua
806 2264 959 2293 simultate
988 2263 1218 2305 intelligendum
1246 2274 1329 2301 esse,
1362 2263 1408 2294 vix
1435 2269 1482 2293 est
1510 2264 1592 2302 quod
1613 2263 1754 2292 historiae
1775 2264 1888 2302 peritos

343 2308 532 2339 admoneam.
