2155 2624
1044 90 1114 132 22

252 185 376 221 micos
411 192 615 220 sectatores
650 180 787 217 habuit
813 180 980 228 Eupolin
1015 180 1107 227 (vid.
1135 183 1326 226 Anonym.
1356 180 1404 216 de
1432 185 1537 219 Com.
1563 195 1600 231 p.
1627 182 1794 230 XXIX),
1822 184 1906 220 Ari-

253 253 481 301 stophanem
510 251 559 296 (v-
588 250 774 284 Clement.
802 249 908 285 AleX.
937 252 1009 285 Str.
1038 251 1098 283 VI.
1126 260 1163 295 p.
1194 251 1278 291 267.
1306 248 1421 283 Arist.
1448 253 1517 296 Eq.
1547 262 1632 294 925.
1662 252 1721 287 cll.
1751 252 1904 288 Cratino

254 321 358 370 apud
391 320 531 356 Polluc.
566 320 632 360 ΙΙΙ,
666 317 759 363 41.)‚
797 321 988 354 cratetem
1023 325 1061 352 et
1092 316 1329 353 Teleclidem
1358 314 1409 362 (v.
1438 316 1577 351 Athen.
1605 320 1667 354 VI.
1695 332 1732 367 p.
1762 323 1845 364 267.
1873 333 1905 357 e.

254 398 292 426 et
309 401 346 437 p.
365 391 447 428 263.
465 386 526 433 e.),
554 386 778 421 Strattidem
809 384 859 430 (V.
888 386 1026 422 Athen.
1053 388 1120 420 XI.
1147 397 1184 433 p.
1213 394 1301 429 475.
1331 396 1362 420 c.
1391 392 1429 419 et
1455 384 1598 419 Polluc.
1618 388 1665 428 X,
1696 387 1772 433 70.)
1801 389 1905 424 alios.

252 461 336 505 Ipse
364 467 479 504 quem
507 462 690 503 sequutus
718 454 768 489 sit
796 455 876 490 scio
903 454 1120 499 neminem3
1161 465 1230 488 suo
1259 452 1390 488 omnia
1412 452 1536 501 egisse
1562 452 1715 489 videtur
1740 455 1907 504 ingenio.

251 528 354 562 Nam
391 523 439 560 de
472 523 710 559 Archilocho
738 522 888 558 fallitur
914 520 1233 571 Kannegiesserus
1259 521 1300 557 in
1325 520 1428 556 libro
1457 519 1505 555 de
1529 520 1741 556 Comoedia
1767 526 1844 559 Att.
1870 536 1907 573 p.

250 604 356 638 452:
384 594 487 629 hunc
514 592 620 627 enim
645 604 724 626 non
751 600 832 627 tam
857 576 1077 627 imitatione
1105 591 1292 638 expressit
1312 602 1432 639 -quam
1457 589 1638 637 parodiae
1663 591 1752 626 lusu
1776 591 1906 628 irrisit.

253 666 377 712 Quam
403 672 495 696 vero
522 671 613 696 cum
638 659 894 708 Aristophane
923 660 1080 696 Cratino
1108 658 1364 695 intercessisse
1389 657 1555 694 diximus
1582 658 1827 703 simultatem,
1864 673 1907 697 ea

250 731 289 766 in
310 738 415 764 tanta
428 728 648 764 Atticorum
675 728 917 763 comicorum
944 727 992 762 de
1018 727 1241 774 principatu
1264 727 1478 774 populique
1504 727 1624 775 gratia
1650 728 1907 764 aemulatione

253 806 292 835 et
317 805 456 834 mutua
483 794 765 832 obtrectatione
791 795 893 832 nihil
919 794 1037 832 habet
1064 793 1172 844 quod.
1196 805 1427 845 magnopere
1454 794 1651 832 miremur.
1689 798 1739 831 Et
1760 795 1907 833 Aristo·

250 867 397 914 phanes
431 865 591 913 quidem
625 873 710 899 tum
737 865 820 898 aliis
846 864 889 900 in
917 863 1056 899 fabulis
1086 872 1168 898 tum
1193 864 1360 899 maxime
1385 863 1427 898 in
1454 863 1658 910 Equitibus
1685 864 1907 912 gravissime

253 936 289 973 ei
325 934 544 972 adversatus
576 941 643 976 est,
676 932 836 969 laudans
868 932 981 969 illum
1014 930 1174 981 quidem
1198 940 1357 980 propter
1383 930 1565 969 eximia-m
1589 931 1737 982 ingenii
1762 933 1845 972 vim
1870 943 1909 971 et

249 1003 403 1052 poesios
429 1000 710 1049 praestantiam,
739 999 806 1035 sed
834 999 1000 1035 eundem
1027 999 1360 1034 acerbissimorum
1387 999 1639 1034 dicteriorum
1666 1001 1807 1035 aculeis
1829 1002 1906 1036 vel-

250 1138 379 1174 fabula
402 1137 563 1180 ulturus,
590 1137 733 1186 insigni
759 1145 916 1185 vegetae
942 1135 1150 1171 senectutis
1177 1145 1216 1170 et
1241 1136 1380 1171 invicti
1404 1134 1559 1170 roboris
1586 1135 1831 1179 documento,
1849 1137 1906 1172 in·

252 1207 357 1256 genii
384 1207 507 1242 aciem
532 1206 574 1240 in
602 1206 900 1252 Aristophanem
927 1204 1090 1247 strinxit,
1117 1215 1283 1251 eumque
1308 1212 1394 1240 tum
1420 1202 1585 1239 aliorum
1610 1204 1817 1240 criminum
1848 1205 1907 1241 in-

251 1272 466 1314 simulavit,
508 1280 594 1308 tum
635 1271 741 1320 quod
776 1270 976 1319 Eupolidis
1009 1271 1147 1307 scrinia
1179 1271 1221 1306 in
1252 1269 1391 1305 fabulis
1424 1268 1634 1307 scribendis
1667 1271 1905 1319 expilaverit,

250 1343 377 1380 Sel-101.
414 1346 507 1389 Equ.
544 1350 630 1385 523.
667 1340 728 1377 Ad
762 1340 924 1376 eandem
958 1341 1193 1377 simultatem
1227 1348 1373 1387 spectat
1398 1339 1507 1376 locus
1534 1352 1555 1376 a
1581 1340 1707 1377 Schol.
1735 1342 1905 1379 Platonis

249 1410 399 1447 inedito
438 1418 609 1445 servatus
646 1408 747 1457 apud
782 1407 999 1445 Seidlerum
1036 1407 1084 1444 de
1118 1410 1267 1458 Fragm.
1302 1408 1497 1457 Aristoph.
1524 1420 1561 1456 p.
1592 1420 1650 1454 25.
1702 1412 1745 1445 In
1773 1409 1905 1447 adver·

250 1480 355 1515 sariis
392 1489 429 1514 et
463 1479 631 1513 inimicis
667 1477 812 1513 Cratini
847 1476 950 1524 apud
983 1477 1110 1512 Schol.
1145 1477 1258 1512 Arist.
1295 1481 1390 1524 Equ.
1427 1486 1512 1521 524.
1549 1489 1903 1515 commemorantur

250 1547 369 1582 etiam
396 1546 425 1580 οἱ
451 1547 530 1596 περὶ
556 1546 735 1588 Καλλίαν,
775 1555 871 1593 quae
903 1553 1037 1580 utrum
1069 1544 1117 1580 de
1145 1544 1263 1580 Callia
1288 1552 1403 1591 poeta
1430 1556 1478 1579 an
1505 1543 1553 1580 de
1578 1544 1792 1592 Hipponici
1818 1545 1903 1582 filio

249 1614 475 1661 explicanda
509 1615 597 1654 sint,
632 1613 802 1648 dubitari
835 1621 972 1658 potest.
1005 1613 1219 1659 Hipponici
1251 1611 1380 1647 filium
1414 1612 1654 1647 acerbissime
1685 1615 1829 1649 taxavit
1861 1616 1903 1649 in

249 1681 492 1720 Archilochis
528 1680 676 1725 fabula,
711 1679 837 1717 Schol.
874 1679 1037 1717 Luciani
1069 1681 1166 1721 Jove
1199 1682 1312 1730 Trag.
1339 1681 1386 1718 ΙΙ.
1412 1690 1450 1729 p.
1479 1681 1564 1726 696.
1591 1678 1760 1718 fortassis
1787 1682 1903 1721 etiarn

249 1763 305 1798 ap.
333 1751 504 1795 Hesych.
533 1763 559 1784 s.
587 1763 623 1785 v.
656 1746 797 1785 Κύλλου
829 1746 938 1797 πήρα.

350 1817 512 1855 Fabulas
549 1818 745 1855 Cratinum
780 1816 972 1865 scripsisse
1003 1814 1173 1854 vidimus
1199 1827 1317 1853 unam
1343 1823 1383 1852 et
1408 1815 1558 1866 viginti.
1610 1814 1662 1854 At
1685 1816 1792 1855 tituli
1817 1817 1901 1856 dra·

251 1895 396 1922 matum
432 1886 535 1934 apud
560 1885 781 1921 Meursium
815 1893 853 1920 et
878 1884 1098 1920 Fabricium
1133 1893 1405 1921 enumerantur
1430 1885 1553 1922 multo
1579 1886 1720 1933 plures.
1771 1886 1845 1922 Sed
1871 1887 1901 1923 ii

253 1953 410 2002 quidem
436 1963 501 1990 aut
529 1962 711 2001 corrupta
739 1952 957 1989 fabularum
983 1951 1108 2001 elogia
1132 1952 1173 1988 in
1199 1951 1344 1989 indices
1371 1965 1459 1989 suos
1484 1965 1592 1991 mero
1620 1953 1831 2005 digitorum
1847 1955 1900 1992 la-

253 2020 349 2055 bore
377 2020 568 2056 confectos
596 2029 838 2068 receperunt,
867 2028 933 2054 aut
958 2018 1105 2054 fabulas
1131 2028 1265 2055 nostro
1280 2021 1432 2056 Cratino
1449 2021 1679 2064 tribuerunt,
1708 2034 1799 2070 quas
1813 2026 1899 2059 Cra-

252 2090 335 2125 tino
377 2088 518 2134 juniori
558 2090 716 2138 aliisque
758 2088 918 2125 comicis
957 2087 1127 2124 tribuere
1169 2086 1369 2126 debebant.
1423 2089 1626 2127 Videamus
1653 2090 1702 2127 de
1728 2091 1896 2141 singulis.

250 2154 458 2195 Γλαῦκος
486 2155 587 2203 apud
613 2158 749 2193 Athen.
778 2156 806 2192 1.
833 2168 871 2206 p.
889 2160 949 2199 68.
978 2167 1010 2191 a.
1037 2157 1198 2205 Κρατῖνος
1222 2154 1380 2203 Γλαύκῳ.
1408 2156 1447 2193 οὐ
1471 2155 1557 2208 πςός
1582 2170 1625 2206 «γε
1652 2155 1786 2198 παντός
1811 2159 1899 2193 ἐστιν

250 2222 395 2274 ἀρτῦσαι
423 2213 554 2264 καλῶς.
580 2225 767 2261 Particula
795 2237 839 2274 ‘ys
865 2239 886 2262 e
913 2224 1043 2261 Valck.
1072 2224 1291 2269 conjectura
1318 2225 1481 2263 additur.
1509 2229 1584 2263 Pro
1607 2225 1757 2271 Γλαύκῳ
1776 2237 1897 2262 mem-
