2155 2624
1042 24 1108 72 51.

249 123 386 163 potest,
415 122 538 148 actam
565 122 645 145 esse
672 109 824 156 Olymp.
852 112 1042 152 LXXXII,
1074 123 1106 145 1.
1141 109 1323 151 -Fabulas,
1350 108 1467 145 Suida
1495 117 1601 151 teste,
1629 110 1778 156 scripsit
1804 124 1893 159 qua.

251 184 441 233 draginta,
476 188 605 215 actore
640 190 727 214 usus
763 178 1050 222 Simermnone,
1085 177 1133 214 de
1160 190 1236 226 quo
1265 177 1352 213 vide
1379 177 1507 216 Schol.
1535 177 1650 213 Arist.
1678 177 1781 213 Nub.
1811 189 1894 223 559.

250 261 334 297 541.
365 258 449 294 542.
484 248 604 284 Tituli
631 247 845 283 dramatum
871 248 1008 283 servati
1036 255 1125 282 sunt
1151 247 1304 282 decem:
1330 244 1484 287 Ἀθηνᾶς
1509 249 1621 294 γοναί,
1648 241 1899 298 Ἀςτοπώλιδες

251 321 380 368 <quam
408 327 495 365 post
523 319 671 364 Olymp.
700 319 908 358 LXXXIX,
931 329 964 359 (ι.
995 326 1117 352 actam
1144 329 1223 351 esse
1251 330 1298 351 ex
1324 316 1437 351 Arist.
1467 316 1568 350 Nub.
1600 328 1683 360 2352·
1713 316 1898 365 colligere

248 386 369 432 licet),
397 383 561 433 Δημέτκι,
589 382 741 433 Εὐρώπη,
771 386 864 427 Θεοί,
893 381 1133 431 Θεσμοφέξοι,
1163 385 1353 432 Κεξκωπες,
1381 384 1520 430 Μόϊξαι,
1547 382 1769 432 Erexi-affixi,
1807 386 1893 433 (Dog-

246 452 404 505 μοφόξοι.
456 459 513 490 Ex
547 455 605 490 his
634 450 890 501 Θεσμοφόρους
925 464 1022 486 unus
1055 451 1226 486 laudavit
1258 451 1396 486 Pollux
1431 453 1478 492 X,
1516 464 1597 486 με.
1640 451 1779 487 docens
1813 453 1893 494 ille,

247 525 504 572 Hermippum
538 524 610 558 hac
644 522 683 556 in
719 521 844 555 fabula
871 518 928 554 τᾶν
954 516 1086 555 κύαθον
1113 521 1173 554 καὶ
1199 517 1256 560 τῆν
1282 517 1431 566 οἰκχέην
1458 521 1519 554 καὶ
1544 517 1587 554 τέ
1611 522 1748 566 λυχνίαν
1776 530 1812 555 et
1847 521 1894 555 si·

247 593 354 627 milia
391 592 530 627 dixisse
564 590 707 636 χαλκίοι
742 597 779 622 et
812 581 993 633 χαλκίδιοι.
1046 586 1121 621 Ubi
1150 588 1302 622 Casaub.
1333 588 1379 622 ad
1406 588 1541 623 Athen.
1569 590 1648 622 XV.
1677 601 1712 635 p.
1745 599 1830 633 700.
1858 588 1895 622 d.

246 662 402 711 corrigit
443 654 700 707 Φοξμεφέξεις,
755 654 859 703 quod
891 663 1055 703 praestat
1095 663 1197 690 certe
1236 655 1399 692 Fabricii
1440 656 1598 699 rationi,
1638 668 1722 691 norr
1752 655 1895 691 comici

243 740 380 780 poetae
407 727 576 763 fabulam
593 724 693 771 apud
707 724 904 759 Pollucem
930 723 1080 759 laudari
1107 725 1370 767 existimantis,
1398 725 1464 760 sed
1479 725 1682 771 Hermippi
1696 725 1893 771 Smyrnaei

246 810 341 846 opus
369 796 415 831 de
442 791 734 842 legislatoribus.
787 792 905 839 Atqui
931 793 1167 840 Hermippus
1195 796 1423 839 Smyrnaeus
1451 793 1601 840 scripsit
1627 795 1709 840 ‘mega‘
1729 789 1893 838 Νεμοθε·

245 862 309 902 τῶν
335 876 416 900 non
443 854 698 910 θεσμοφέςευς,
725 860 865 896 Athen.
893 862 993 895 XIII.
1021 872 1058 908 p.
1087 872 1172 905 555.
1202 874 1232 897 c.
1263 870 1300 896 et
1328 862 1511 910 Origenes
1540 873 1570 895 c.
1600 859 1696 895 Cels.
1725 863 1752 895 Ι.
1775 872 1811 907 p.
1837 870 1893 903 13.

242 935 272 969 E
300 926 556 981 Φοξμοφέξοις,
605 936 649 963 ut
680 929 847 974 Hesych.
882 940 909 963 s.
945 942 980 964 ν.
1017 927 1095 968 Διές
1128 927 1284 973 βάλανοι
1319 938 1357 965 et
1388 930 1546 965 Antiatt.
1574 941 1614 976 p,
1642 938 1702 970 82.
1739 929 1893 970 docent,

242 1009 367 1038 sumta
393 1007 481 1035 sunt
506 997 683 1045 longiora
710 996 921 1046 fragmenta
948 996 1049 1044 apud
1074 997 1213 1033 Athen.
1249 1000 1278 1033 Ι.
1305 1010 1342 1045 p.
1363 1010 1421 1040 27.
1450 1010 1481 1033 a.
1511 1006 1549 1032 et
1579 1010 1636 1041 29.
1666 1010 1696 1032 c.
1725 1008 1893 1044 quorum

241 1078 406 1116 utroque
430 1066 590 1114 parodia
604 1065 906 1101 Homericorum
933 1078 1113 1101 versuum
1140 1066 1379 1112 continetur3
1406 1074 1450 1101 ut
1476 1078 1552 1101 non
1582 1065 1767 1108 dubitem,
1796 1064 1892 1113 quin

243 1136 290 1172 ad
324 1136 425 1170 hanc
459 1133 581 1179 ipsam
615 1131 786 1166 fabulam
817 1132 1025 1178 respexerit
1049 1133 1208 1167 Polemo
1243 1133 1343 1178 apud
1376 1134 1513 1168 Athen.
1548 1135 1628 1168 XV.
1662 1146 1699 1179 p.
1736 1137 1821 1176 ⁶99·
1858 1144 1890 1166 a.

240 1204 409 1243 πεποίηκε
441 1195 477 1236 δὲ
512 1192 688 1248 παρῳδίας
719 1200 783 1235 καὶ
814 1196 1012 1248 Ἕρμιππος
1045 1197 1065 1235 o‘
1096 1198 1156 1241 τῆς
1190 1198 1345 1250 ἀρχαίοις
1375 1195 1555 1246 κωμῳδίας
1587 1198 1734 1242 ποιητής.
1788 1202 1895 1249 Quae

242 1271 436 1309 Fabricius
469 1268 610 1316 aliique
642 1267 696 1302 ita
728 1267 1019 1310 intellexerunt,
1053 1268 1159 1315 quasi
1192 1270 1426 1314 Hermippus
1452 1269 1627 1314 parodias
1654 1269 1811 1315 proprie
1838 1269 1893 1303 sic

241 1342 360 1379 dictas
394 1336 576 1388 singulari
607 1335 807 1372 volumine
840 1336 1067 1384 complexus
1093 1335 1266 1372 ediderit.
1319 1336 1424 1371 Mihi
1450 1337 1688 1385 Hermippus
1714 1335 1891 1384 parodias

187 1396 190 1401 .
240 1412 331 1447 istas
359 1407 499 1443 fabulis
525 1406 602 1441 suis
637 1405 845 1441 intexuisse
879 1405 1043 1448 videtur,
1075 1405 1297 1452 Epicharmi
1324 1404 1468 1441 Cratini
1496 1406 1735 1454 aliorumque
1762 1417 1891 1441 exem·

240 1479 350 1527 plum
376 1482 568 1523 sequutus,
619 1476 662 1509 In
688 1473 765 1509 hoc
792 1472 1006 1509 fabularum
1040 1473 1247 1521 Hermippi
1278 1486 1437 1509 recensu
1471 1475 1646 1510 consulto
1680 1474 1796 1509 omisi
1827 1476 1889 1509 Ko-

240 1543 381 1595 θόρνους
413 1555 434 1577 a
466 1541 624 1577 Polluce
649 1540 841 1576 laudatam
874 1544 954 1583 VII,
993 1553 1079 1577 209..
1111 1539 1325 1590 πεξνεύτξιαν
1358 1537 1394 1577 δὲ
1433 1543 1465 1578 ἐν
1505 1545 1577 1581 τοῖς
1615 1544 1780 1591 Γεωζγέἴς
1811 1542 1891 1590 'Aga-

240 1609 414 1659 στρφοίνης
439 1610 517 1656 ἔφη,
529 1607 727 1659 Ἕξμιππος
753 1603 788 1644 δὲ
813 1610 844 1645 ἐν
868 1612 941 1649 τοῖς·
960 1606 1140 1658 Κοθόρνοις
1165 1607 1422 1659 πορνοτελῶναι.
1445 1607 1464 1645 ὅ
1489 1606 1593 1649 advo}
1618 1610 1649 1645 ἐν
1665 1607 1894 1659 Ἀςτοπαίλισί

240 1687 353 1729 φησιν·
389 1677 432 1719 ὥς
463 1674 588 1726 eam-goe*
618 1675 722 1726 ποξνή
753 1679 815 1713 κα.)
847 1673 1032 1726 mim-gomae.
1083 1680 1134 1714 At
1166 1676 1260 1714 Cod,
1288 1681 1315 1713 F
1316 1677 1412 1713 alck.
1439 1678 1557 1714 habet
1581 1672 1765 1720 Φιλωνίδης
1790 1674 1825 1714 δὲ
1856 1679 1888 1714 ἐν

239 1754 310 1791 τοῖς
342 1744 538 1795 Κοθόρνοις,
572 1754 610 1781 et
645 1754 776 1793 postea
804 1743 1001 1796 Ἕρμιππος
1030 1740 1067 1781 δὲ
1100 1757 1172 1793 pro
1204 1743 1223 1780 ὁ
1249 1743 1371 1789 αὐτός,
1405 1745 1510 1794 quod
1541 1746 1781 1781 verissimum
1808 1757 1888 1781 esse

242 1821 356 1854 docet
381 1815 520 1849 Pollux
550 1816 614 1854 IX,
645 1828 704 1857 29.
733 1813 802 1849 ubi
829 1815 934 1850 hunc
962 1827 1113 1850 versum
1141 1828 1161 1850 e
1187 1815 1415 1851 Philonidae
1442 1814 1704 1851 Cothurnis
1739 1814 1887 1851 attulit:

443 1882 615 1925 παναγεῖς
640 1878 776 1928 γενεάν,
803 1881 1068 1932 πορνοτελῶναι,
1095 1883 1286 1933 Μεγαρεῖς,
1312 1876 1407 1919 δεινοὶ
1430 1884 1653 1932 vargalaha.

238 1957 435 1989 Praeterea
468 1949 672 1983 laudantur
710 1952 916 1997 Hermippi
951 1952 1180 1993 Dimetri,
1215 1952 1368 1987 Iambi
1401 1961 1440 1987 et
1471 1950 1773 1988 Tetrametri.
1826 1953 1888 1987 De

239 2021 376 2071 quibus
403 2016 496 2065 quid
522 2025 696 2058 statuam,
723 2029 801 2051 non
828 2018 965 2053 habeo.
1000 2019 1246 2055 Dimetros
1273 2019 1390 2055 semel
1416 2017 1462 2055 ad
1480 2027 1607 2066 partes
1631 2027 1746 2055 vocat
1760 2018 1887 2055 schol.

238 2089 351 2128 Arist.
384 2087 494 2132 Vesp.
540 2087 645 2126 1164.
680 2083 749 2118 ubi
782 2084 987 2132 legendum
1027 2087 1198 2121 videtur:
1252 2086 1386 2134 ὕστερον
1418 2081 1443 2121 δ’
1477 2085 1583 2122 ouda-<3⁹
1621 2085 1815 2135 στρατηγόν
1856 2084 1881 2133 Η
1917 2079 1924 2082 ’

237 2159 305 2194 Καὶ
335 2149 646 2200 κασαλβάζουσαν
679 2147 761 2188 εἶδον
792 2149 815 2201 ΙΙ
847 2155 914 2189 Καὶ
939 2156 1296 2199 σεσαλακωιίσμένην,
1332 2167 1428 2202 quae
1455 2155 1495 2191 in
1525 2152 1788 2192 effeminatum
1814 2154 1882 2189 ho·

238 2224 385 2261 minem
424 2228 462 2257 et
493 2219 692 2268 pathicum
724 2219 827 2256 dicta
861 2228 959 2256 sunt.
1012 2224 1069 2256 Ex
1103 2221 1278 2256 lambis
1312 2222 1411 2257 duos
1445 2224 1570 2259 troch.
1597 2232 1745 2258 tetram.
1773 2209 1883 2256 affert

1293 2353 1308 2365 ρ
