2155 2624
1048 59 1113 109 13

257 159 460 200 poetarum
487 147 797 196 antiquissimum
822 146 890 197 qui
913 145 1195 195 Ecphantidem
1221 145 1321 183 dixit
1346 144 1543 194 Aspasius,
1574 145 1649 181 nisi
1674 143 1773 181 forte
1796 146 1898 191 iusto

257 217 513 268 negligentius
537 217 721 265 loquutus
749 224 818 260 est,
846 214 895 252 ad
921 227 985 252 eos
1011 215 1179 251 maxime
1203 224 1333 263 poetas
1358 215 1569 263 respexisse
1587 212 1756 256 videtur,
1780 223 1801 248 a
1819 213 1900 261 qui·

256 285 329 322 bus
365 284 603 321 emendatior
636 293 675 320 et
706 284 916 333 perfectior
950 283 1173 321 comoediae
1207 283 1331 319 forma
1363 292 1402 319 et
1432 284 1532 319 ratio
1570 280 1795 318 introducta
1832 288 1901 323 est,

258 353 336 390 hoc
362 361 419 389 est
444 351 491 389 ad
503 352 714 396 Cratinum,
739 352 985 398 Teleclidem,
1011 352 1284 400 Hermippum,
1312 359 1471 388 ceteros.
1523 349 1732 399 Capniae
1758 359 1903 398 cogno·

257 434 359 464 men,
386 421 489 470 quod
501 422 762 475 Ecphantidae
788 421 959 457 inditum
983 421 1100 456 fui-sse
1119 419 1256 455 scribit
1275 419 1492 464 Hesychius
1507 432 1542 454 ν.
1559 421 1723 458 Καπνίας.
1748 417 1901 464 Ἐκφαν-

256 484 347 531 τίδης
373 510 420 517 -
447 491 605 530 Καπνίας
635 490 863 534 ἐπεκαλεῖτο,
897 483 952 525 διαὶ
973 485 1016 524 *ro*
1040 481 1142 534 μηδὲν
1166 483 1331 535 λαμπρδν
1356 482 1519 535 γράφειν,
1547 486 1705 522 fortasse
1731 486 1900 529 Cratino,

258 568 424 606 quocum
457 565 657 605 perpetuas
690 556 903 592 exercuisse
934 554 1088 589 videtur
1122 554 1352 597 simultates,
1394 563 1594 601 acceptum
1635 553 1737 587 tulit.
1772 554 1898 588 SchoL

256 625 304 662 ad
336 626 449 662 Arist.
484 629 594 672 Vesp.
627 635 711 668 151.
746 623 900 662 καπνίας
924 622 955 657 ἒν
981 624 1053 661 τοῖς
1077 623 1156 671 περὶ
1180 625 1340 671 Κρατῖνον
1367 621 1456 672 (leg.
1483 619 1660 671 Κρατίνου)
1689 615 1856 671 διώρισται
1881 616 1902 663 ἦ

254 691 295 729 vo*
317 689 495 730 ἀπόθετον
520 689 542 733 ἦ
567 694 629 727 καὶ
653 687 824 734 παλαιόν,
860 683 910 725 διδ
933 684 1159 737 Ἐκφαντίδην
1185 691 1341 727 Καπνίαν
1367 688 1523 726 καλοῦσι.
1574 689 1730 727 Rectius
1758 700 1903 738 cogno·

254 762 375 798 menti
400 761 590 797 rationem
617 759 787 807 expediit
812 758 982 797 Naekius
1007 760 1033 796 l.
1060 760 1085 796 1.
1107 771 1144 808 p.
1169 770 1229 805 52.
1270 758 1465 803 „Videtur,
1493 759 1630 808 inquit,
1657 757 1900 809 cognominis

256 840 408 873 „caussa
442 827 558 863 fuisse
592 828 653 863 vel
685 826 900 864 fabularum
934 828 1054 876 Ecph.
1089 837 1369 877 argumentum,
1404 827 1510 876 quod
1535 828 1602 863 ille
1629 836 1742 863 tenue
1766 836 1806 862 et
1832 827 1900 862 ob-

257 909 434 941 „scurum
470 896 610 945 eligere
643 896 921 939 consuevisset,
961 897 1024 932 vel
1059 896 1267 933 obscurum
1302 905 1341 932 et
1365 897 1496 944 paullo
1522 896 1722 933 molestius
1748 893 1903 932 dicendi

256 973 320 1009 „et
353 963 583 1011 disponendi
615 966 774 1013 genus.“
821 963 1012 1012 Equidem
1045 964 1112 1000 illa
1138 964 1327 1010 Hesychii
1353 963 1468 1000 verba
1496 976 1585 1001 cum
1611 972 1785 1000 veterum
1811 962 1902 999 scri·

253 1042 412 1080 ptorum
451 1031 498 1068 de
538 1032 692 1068 Cratino
732 1040 771 1067 et
811 1032 968 1068 Platone
1007 1031 1162 1077 judiciis
1207 1031 1497 1080 comparabam,
1551 1032 1690 1081 quibus
1735 1028 1903 1081 λαμπρέν

253 1098 483 1150 χαρακτῆρα,
518 1099 825 1147 splendidum
857 1099 1056 1137 dicendi
1088 1112 1236 1149 genus
1269 1109 1314 1136 et
1344 1109 1602 1148 troporum
1627 1099 1900 1137 luminibus

256 1168 395 1215 frequ
405 1178 484 1202 ens
518 1166 743 1201 attribuunt.
795 1168 907 1203 Hanc
932 1166 1052 1214 igitur
1076 1168 1262 1202 virtutem
1289 1167 1356 1214 qui
1381 1168 1612 1214 Ecphantidi
1638 1169 1765 1203 deesse
1790 1176 1901 1214 puta·

254 1235 366 1278 bant,
406 1233 586 1270 fumum
620 1246 691 1281 pro
725 1234 815 1270 luce
844 1246 937 1270 eum
970 1233 1063 1270 dare
1102 1233 1339 1270 dictitabant.
1391 1238 1423 1270 E
1464 1233 1602 1271 fabulis
1641 1233 1902 1283 Ecphantidae

254 1315 352 1338 unus
380 1310 551 1349 superest
577 1301 713 1337 titulus
740 1299 886 1351 Σοίτυροι
914 1302 1015 1349 apud
1040 1302 1282 1339 Athenaeum
1308 1302 1336 1337 1.
1363 1314 1401 1350 p.
1429 1306 1490 1347 96.
1517 1315 1549 1338 c.
1601 1306 1694 1339 Non
1722 1303 1902 1338 omitten-

256 1372 348 1408 dum
374 1379 516 1413 tamen,
544 1369 737 1408 Naekium
764 1369 866 1418 apud
891 1370 1020 1418 Steph.
1037 1373 1130 1417 Byz.
1158 1382 1186 1406 s-
1213 1384 1249 1407 v.
1275 1367 1420 1421 Ποίρνης,
1447 1370 1517 1408 ubi
1530 1369 1902 1419 laudatur’Epcspoe-wfc

254 1440 285 1474 ἒν
317 1435 501 1486 Πυραύνῳ,
536 1449 615 1472 non
648 1438 733 1473 sine
765 1449 901 1486 magna
934 1437 1217 1484 probabilitatis
1251 1439 1378 1485 specie
1412 1439 1657 1475 scribendum
1692 1439 1901 1485 coniecisse

252 1498 488 1552 Ἐκφαντίδης.
538 1504 647 1541 Idem
680 1504 849 1542 fabulam
882 1501 1090 1547 Διόνυσος
1122 1506 1348 1555 inscriptam
1381 1507 1537 1557 egregio
1564 1507 1742 1544 acumine
1768 1507 1902 1544 elicuit

256 1588 276 1611 e
309 1573 447 1610 Suidae
480 1572 607 1609 verbis
639 1570 728 1609 Ez’s'i'e.
763 1571 919 1620 Διονύσῳ.
952 1572 1053 1621 ὕμνος
1086 1571 1380 1619 ἐνθουσιαστικός,
1422 1587 1512 1613 cum
1552 1577 1692 1612 incerti
1735 1577 1900 1612 auctoris

255 1643 359 1691 (fort.
387 1639 548 1689 Cratini)
575 1653 688 1678 versu
715 1642 942 1690 comparatis
969 1641 1070 1691 apud
1096 1643 1304 1691 Hephaest.
1330 1645 1411 1680 XV.
1439 1656 1477 1692 p.
1500 1648 1559 1690 96.
1586 1642 1675 1689 Εὔῑε,
1701 1643 1899 1692 κισσοχαῖτ’

253 1708 356 1760 ἅναξ,
383 1708 490 1760 χαῖρ’,
517 1709 647 1756 ἔφασκ’
673 1704 908 1757 Ἐκφαντίδης.
959 1710 1189 1757 Adiutorem
1214 1712 1477 1760 Ecphantidae
1503 1714 1544 1749 in
1572 1713 1782 1750 comoediis
1808 1714 1898 1749 scri-

253 1778 389 1814 bendis
422 1777 539 1814 fuisse
572 1778 795 1814 Choerilum
828 1790 1002 1822 servum,
1041 1779 1154 1816 docet
1185 1780 1403 1827 Hesychius
1441 1794 1476 1816 v.
1515 1781 1818 1831 ε’κκεχοιριλωμένη.
1858 1780 1899 1817 ου’

254 1844 426 1893 (casaub.
453 1842 538 1891 τοῦ)
564 1846 721 1895 Χοιρίλου
747 1839 845 1882 οὖσα.
879 1841 1089 1897 Ἐκφαντίδῃ
1121 1845 1195 1899 ’γοίρ
1226 1845 1276 1895 τῷ
1307 1847 1450 1896 Κωμικῷ
1483 1851 1637 1900 Χοιρίλος
1660 1846 1825 1897 θεράπων
1851 1842 1899 1894 ἦν,

254 1911 291 1953 ὃς
322 1915 527 1949 συνεποιεῗτο
561 1910 748 1960 κωμῳδίας.
800 1918 934 1964 Itaque
966 1916 1082 1953 etiam
1117 1917 1342 1954 Choerilum
1376 1918 1488 1954 illu'm
1520 1916 1808 1967 quodammodo
1835 1930 1899 1954 co-

253 1982 363 2019 micis
390 1980 515 2030 poetis
542 1981 793 2020 adnumerare
817 1984 964 2021 licebit.
990 1988 1047 2022 Ac
1070 1996 1256 2035 perquam
1281 1986 1375 2023 scite
1387 1986 1552 2025 Naekius
1579 1985 1687 2036 quod
1714 1985 1761 2022 de
1787 1987 1898 2036 epico

253 2058 365 2099 poeta
381 2049 565 2086 Choerilo
579 2049 752 2087 Eudocia
769 2051 940 2095 tradidit,
964 2062 1116 2100 praeter
1140 2054 1213 2090 alia
1240 2067 1329 2091 eum
1353 2055 1543 2102 scripsisse
1567 2055 1688 2092 etiam
1715 2067 1898 2092 comoe-

253 2118 371 2160 dias,
399 2115 447 2152 ad
461 2116 722 2164 Ecphantidae
735 2130 890 2154 servum
912 2120 1056 2163 retulit,
1084 2120 1149 2157 cui
1175 2132 1272 2170 quae
1298 2133 1386 2157 cum
1412 2120 1575 2158 domino
1601 2123 1815 2159 intercessit
1839 2135 1896 2159 ra-

252 2186 311 2222 tio
338 2183 483 2233 optime
506 2184 700 2232 Euripidi-s
726 2193 767 2221 et
792 2185 1117 2233 Cephisophontis
1150 2188 1328 2235 exemplo
1359 2189 1583 2227 illustratur.
1618 2190 1694 2227 Cfr.
1722 2190 1895 2227 Gaisford

254 2253 301 2290 ad
326 2252 455 2300 Heph.
479 2263 516 2300 p.
544 2250 606 2297 96.
656 2252 731 2289 Sed
756 2252 805 2289 ad
830 2253 1056 2291 Choerilum
1081 2254 1297 2300 comicum,
1320 2255 1356 2296 si
1381 2256 1455 2295 diis
1481 2258 1625 2307 placet,
1660 2258 1774 2296 etiam
1798 2257 1915 2294 alius*
