2155 2624
1030 88 1102 139 28

236 194 421 219 numerus
449 179 480 229 ζ’
506 188 569 217 aut
594 181 704 215 unius
732 179 884 215 fabulae
910 179 1044 214 titulus
1081 178 1236 214 excidit.
1290 183 1448 228 Septem
1475 180 1620 217 fabulas
1654 180 1689 216 ei
1721 179 1892 229 adsignat

240 252 359 288 etiam
393 254 613 296 Anonymus
648 248 698 284 de
731 247 841 284 Com.
875 260 913 296 p.
948 250 1085 283 XXIX.
1122 256 1210 283 octo
1246 248 1342 283 alius
1375 248 1523 285 ibidem
1558 263 1592 297 p.
1619 250 1788 285 XXXIV.
1841 251 1892 284 At

240 329 392 367 praeter
419 330 557 353 nox-em
586 317 686 359 istas,
716 328 805 364 quas
833 316 1065 351 nominatim
1082 316 1213 351 Suidas
1240 316 1443 358 recensuit,
1471 315 1629 359 fabulas,
1658 328 1893 353 commemo·

241 396 373 423 rantur
399 385 477 430 ejus
503 380 659 427 Παιδιαί,
684 382 835 433 Ῥήτοςες
862 392 901 419 et
926 380 1083 429 Τόλμαι.
1136 387 1238 419 Nam
1273 395 1368 431 quae
1396 391 1590 431 praeterea
1624 385 1693 419 sub
1722 385 1799 428 eius
1826 396 1893 420 no-

241 455 344 489 mine
382 453 524 499 passim
564 452 771 487 laudantur
809 451 977 494 fabulae,
1032 462 1097 486 eae
1139 451 1399 486 dubitationes
1438 460 1599 486 movent
1643 452 1892 499 gravissimas.

241 524 365 568 Quam
406 519 590 556 Stobaeus
630 521 747 554 Serm.
787 517 916 554 CXVI.
957 530 993 565 p.
1027 527 1115 562 475.
1150 517 1313 554 Cratetis
1346 519 1512 555 servavit
1550 518 1740 567 eclogam,
1784 520 1819 554 ei
1852 520 1894 555 in

241 589 398 625 Gesneri
425 587 597 636 margine
624 583 859 633 adscriptum
886 587 1043 635 legitur:
1072 585 1286 622 Cratetis
1314 600 1366 622 ex
1393 586 1681 633 Antiphane.
1723 587 1895 632 Simplex

243 655 405 691 Cratetis
433 667 576 690 nomen
605 653 736 701 posuit
764 653 930 689 Grotius.
984 657 1157 690 Fortasse
1185 653 1390 703 antiquitus
1418 655 1601 702 scriptum
1628 653 1701 689 fuit
1722 648 1896 702 Κράτητες

242 721 261 764 ἢ
285 720 523 769 Ἀντιφάνους,
577 722 796 767 cuiusmodi
831 735 979 757 errores
1006 723 1047 757 in
1083 722 1239 758 Stobaei
1273 723 1444 771 margine
1471 732 1558 758 sunt
1585 721 1894 770 frequentissimi.

239 789 409 841 Ἐοξταὶ
434 790 641 826 laudantur
676 802 697 825 a
723 791 881 825 Polluce
913 791 1000 827 Lib.
1026 793 1108 833 VH,
1145 803 1205 835 92.
1248 791 1314 825 sed
1346 791 1533 826 incertam
1566 790 1657 826 facit
1688 790 1897 825 lectionem

240 859 346 895 idem
371 859 512 895 Pollux
538 858 623 893 Lib.
652 859 700 900 X,
718 867 778 902 54.
807 858 875 893 ubi
904 858 1009 906 quod
1038 859 1133 894 olim
1160 858 1344 893 edebatur
1375 855 1539 907 Ἑοξταῖς,
1567 872 1667 894 nunc
1696 858 1806 894 cessit
1832 870 1896 893 co-

243 928 340 963 dicis
375 926 534 962 lectioni
569 923 742 971 Τόλμαις,
776 934 821 960 ut
852 926 958 961 idem
994 927 1110 961 eti-un
1145 927 1262 961 altero
1295 926 1384 961 loeo
1416 926 1682 972 reponendum
1709 926 1895 961 videatur.

242 997 493 1032 Μετσῖκους
526 991 644 1029 habet
676 993 844 1039 Etymol.
880 995 937 1029 M.
972 1006 1009 1041 p.
1046 997 1132 1038 693,
1172 1007 1228 1029 10.
1256 994 1322 1030 sed
1349 1006 1420 1041 pro
1447 990 1580 1042 Κράτης
1604 994 1812 1042 legendum
1840 994 1896 1028 vi-

244 1064 358 1099 detur
384 1059 616 1110 Φεςεκξοίτης,
651 1061 758 1107 cujus
793 1063 954 1097 Μέ-τεικει
992 1061 1298 1110 frequentissime
1331 1074 1350 1096 a
1377 1062 1633 1111 grammaticis
1660 1073 1897 1098 commemo-

241 1140 386 1168 rantur.
439 1127 817 1178 Παρακαταθήκῃ
851 1129 1079 1165 laudabatur
1114 1130 1208 1165 olim
1242 1131 1337 1165 Poll.
1365 1133 1428 1172 IV,
1467 1142 1547 1173 175.
1575 1130 1644 1165 ubi
1670 1142 1774 1165 nunc
1800 1128 1896 1166 Cod.

241 1201 346 1234 Voss.
389 1197 661 1233 Sosicratis
702 1209 846 1232 nomen
882 1196 1048 1241 dedst').
1100 1191 1330 1235 Ὀδυσσεῒς
1365 1195 1464 1243 apud
1496 1198 1621 1241 Etym.
1655 1198 1712 1231 M.
1746 1208 1782 1243 p.
1813 1199 1897 1241 567,

247 1279 308 1309 22,
360 1262 611 1303 Πανόπταις
639 1264 740 1311 apud
767 1264 895 1299 Schol.
923 1264 1037 1299 Arist.
1064 1262 1169 1299 Nub.
1198 1267 1259 1307 96,
1311 1263 1493 1304 Πυτίνην
1520 1263 1619 1310 apud
1645 1264 1811 1310 Etymol.
1838 1265 1897 1299 M.

246 1345 273 1369 s.
308 1345 343 1368 v.
379 1327 636 1374 διακαυνιάσαι,
677 1327 931 1379 Τροφώνιον
965 1328 1061 1365 ibid.
1095 1342 1132 1377 p.
1168 1342 1255 1373 270,
1292 1332 1326 1373 6,
1381 1329 1614 1380 Σεριφίους
1641 1331 1741 1379 apud
1768 1330 1895 1367 Schol-

243 1402 356 1438 Arist.
390 1399 495 1436 Nub.
531 1402 617 1443 691,
652 1398 818 1447 denique
852 1399 1069 1447 Χείξωνας
1102 1398 1203 1445 apud
1234 1398 1373 1434 Athen.
1402 1402 1466 1434 IX.
1500 1412 1537 1446 p.
1576 1412 1660 1444 295.
1688 1400 1713 1435 f.
1749 1398 1898 1436 Cratini

244 1482 325 1506 non
352 1467 513 1503 Cratetis
540 1466 686 1502 fabulas
714 1479 805 1509 esse,
846 1475 930 1501 tum
957 1466 1038 1513 ipse
1065 1478 1177 1513 supra
1205 1467 1353 1509 monui,
1388 1475 1473 1502 tum
1500 1480 1547 1502 ex
1573 1477 1680 1515 parte
1707 1468 1822 1502 etiam
1848 1466 1896 1502 ab

248 1537 332 1573 aliis
365 1535 559 1571 monitum
593 1543 660 1570 est.
714 1531 1071 1583 Συναςιστῶσαι,
1107 1545 1204 1582 quae
1238 1534 1447 1569 Menandri
1474 1534 1601 1569 fabula
1628 1544 1702 1577 est,
1737 1546 1813 1582 quo
1841 1546 1898 1569 er-

284 1738 318 1777 *)
350 1738 572 1769 Sosicratis
600 1747 714 1768 nomen
741 1735 879 1767 desidero
905 1737 996 1767 etiam
1025 1737 1105 1778 apud
1131 1737 1251 1767 Maxim.
1274 1734 1366 1767 Cous.
1394 1748 1423 1777 p.
1445 1736 1511 1768 198.
1539 1736 1634 1768 Gesn.
1662 1737 1713 1767 ubi
1740 1736 1898 1770 Socrati

351 1785 426 1815 hacc
445 1785 536 1815 verba
556 1784 746 1815 tribuuntur:
781 1779 846 1812 ἴτην
871 1785 967 1812 mera·
993 1795 1022 1812 σε
1050 1785 1097 1812 καὶ
1125 1784 1249 1823 στέργειν
1273 1785 1349 1817 λέγιι
1377 1781 1453 1819 qvid,
1493 1783 1589 1820 φοβοῦ
1613 1784 1682 1823 πα(
1705 1784 1791 1816 αὐτῆς
1815 1786 1898 1815 πλέον

351 1826 385 1862 εἶν
404 1830 483 1866 λέγει
502 1830 591 1860 κακοί.
628 1830 717 1868 Quae
745 1841 761 1861 e
790 1830 907 1861 comico
929 1835 1023 1870 poeta
1044 1829 1135 1860 dueta
1156 1840 1222 1861 esse
1245 1840 1307 1860 non
1328 1829 1451 1860 dubito:

661 1873 752 1903 Οτσιν
775 1887 841 1909 ’γυνη
868 1875 964 1902 ποθεῖν
985 1885 1014 1902 οε
1034 1886 1082 1902 και
1102 1873 1227 1916 στέργειν
1246 1874 1326 1913 λέγῃ,

673 1919 767 1953 φοβον
785 1917 854 1954 ’rag’
870 1917 956 1947 αὐτῆς
976 1916 1077 1943 πλείον’
1093 1916 1125 1943 ὦ,
1145 1916 1222 1949 λέγει
1238 1914 1325 1944 κακαί.

354 1964 463 1995 Similis
486 1963 516 1993 in
538 1963 713 1993 nominibus
734 1973 820 1993 error
839 1968 885 1992 est
905 1962 986 2002 apud
1007 1961 1111 1991 Schol.
1131 1962 1223 1993 Arist.
1245 1962 1323 2001 Eqn.
1345 1961 1410 1994 959.
1434 1961 1487 1993 ubi
1506 1962 1625 1994 Socrati
1646 1960 1778 1995 Cratetis
1798 1975 1900 2007 gram·

355 2012 455 2041 matici
475 2022 587 2042 nomen
611 2010 857 2042 substituendum
879 2020 943 2040 esse
965 2009 1083 2039 monunt
1104 2009 1228 2040 Geolius
1250 2010 1329 2040 nihl.
1352 2010 1417 2040 crit.
1439 2010 1461 2040 1.
1483 2022 1512 2051 p.
1533 2010 1580 2041 62.
1621 2012 1703 2041 Idem
1726 2010 1832 2044 Crates
1853 2014 1899 2045 in·

357 2058 459 2088 nuitur
479 2059 558 2098 apud
579 2059 640 2088 Hes
646 2058 762 2092 γεῇἰυιη
785 2069 810 2087 v.
831 2054 942 2092 iuda-m,
976 2055 1025 2085 ubi
1048 2055 1131 2086 suere
1153 2057 1205 2097 qui
1225 2057 1254 2086 in
1277 2063 1419 2098 corrupta
1439 2068 1514 2088 xoce
1535 2059 1652 2094 ἐνιίυχος
1672 2056 1834 2090 Crateteae
1855 2060 1900 2091 sa·

358 2103 446 2135 bulae
474 2105 593 2135 titulum
618 2107 740 2141 Ἠνίοχιι
767 2104 861 2135 latere
891 2109 1044 2144 putarent,
1073 2109 1103 2134 et
1132 2114 1168 2145 ap
1239 2104 1343 2135 S‹:.h‹›1
1364 2105 1519 2146 Aristoph.
1541 2105 1619 2145 Γ..(μι
1642 2106 1708 2137 790.
1730 2106 1781 2137 ubi
1801 2108 1903 2140 editur

359 2154 492 2190 Κζιιτῗκς
515 2150 545 2179 B·
570 2162 648 2186 ones-u
673 2148 715 2179 ὀτι
735 2154 832 2180 πεῖσαν
861 2163 949 2182 στενῇ·
976 2149 1129 2179 ιυιτιίῖυσιν
1155 2164 1166 2178 ο
1229 2163 1239 2181 ς
1275 2151 1455 2191 (qva-aigun)
1487 2151 1902 2195 orlya{05.Cor1-igcndum

358 2192 470 2236 Κςιῖτης
489 2206 504 2225 e
522 2196 617 2226 Suida
643 2208 664 2226 s.
685 2209 713 2226 v.
732 2198 895 2236 yon-aglon.
934 2196 1127 2236 Quamquam
1156 2197 1245 2227 eiiam
1274 2196 1390 2228 Cratini
1418 2197 1572 2237 cujusdam
1600 2200 1789 2239 grammatici
1815 2210 1901 2230 inen-

358 2245 474 2275 tionem
501 2243 643 2281 injectam
667 2244 766 2275 videas
795 2244 874 2287 apud
894 2243 994 2285 Elymi
1016 2244 1056 2274 Μ.
1081 2255 1110 2285 p.
1133 2242 1200 2281 142,
1222 2245 1268 2277 17.
1294 2247 1317 2274 ὃν
1344 2258 1376 2276 τη
1404 2245 1527 2284 ima-‚pn
1552 2251 1608 2273 Ba
1601 2244 1719 2275 -ιλιιῖου
1744 2247 1806 2285 mg)
1832 2259 1899 2283 ομ..

356 2292 434 2332 ζιιιῆς
451 2292 559 2328 Aditus.
